@Manual{base,
  title = {R: A Language and Environment for Statistical Computing},
  author = {{R Core Team}},
  organization = {R Foundation for Statistical Computing},
  address = {Vienna, Austria},
  year = {2013},
  url = {http://www.R-project.org/},
}
@Manual{knitcitations,
  title = {knitcitations: Citations for knitr markdown files},
  author = {Carl Boettiger},
  year = {2013},
  note = {R package version 0.5-0},
  url = {https://github.com/cboettig/knitcitations},
}
@Manual{bibtex,
  title = {bibtex: bibtex parser},
  author = {Romain Francois},
  year = {2013},
  note = {R package version 0.3-6},
  url = {http://CRAN.R-project.org/package=bibtex},
}
@Manual{knitr1,
  title = {knitr: A general-purpose package for dynamic report generation in R},
  author = {Yihui Xie},
  year = {2013},
  note = {R package version 1.4},
  url = {http://yihui.name/knitr/},
}

@Book{knitr2,
  title = {Dynamic Documents with {R} and knitr},
  author = {Yihui Xie},
  publisher = {Chapman and Hall/CRC},
  year = {2013},
  note = {ISBN 978-1482203530},
  url = {http://yihui.name/knitr/},
}

@InCollection{knitr3,
  booktitle = {Implementing Reproducible Computational Research},
  editor = {Victoria Stodden and Friedrich Leisch and Roger D. Peng},
  title = {knitr: A Comprehensive Tool for Reproducible Research in {R}},
  author = {Yihui Xie},
  publisher = {Chapman and Hall/CRC},
  year = {2013},
  note = {ISBN 978-1466561595},
  url = {http://www.crcpress.com/product/isbn/9781466561595},
}
@Article{DESeq,
  title = {Differential expression analysis for sequence count data},
  author = {Simon Anders and Wolfgang Huber},
  year = {2010},
  journal = {Genome Biology},
  volume = {11},
  pages = {R106},
  doi = {10.1186/gb-2010-11-10-r106},
  url = {http://genomebiology.com/2010/11/10/R106/},
}
@Book{lattice,
  title = {Lattice: Multivariate Data Visualization with R},
  author = {Deepayan Sarkar},
  publisher = {Springer},
  address = {New York},
  year = {2008},
  note = {ISBN 978-0-387-75968-5},
  url = {http://lmdvr.r-forge.r-project.org},
}
@Manual{locfit,
  title = {locfit: Local Regression, Likelihood and Density Estimation.},
  author = {Catherine Loader},
  year = {2013},
  note = {R package version 1.5-9.1},
  url = {http://CRAN.R-project.org/package=locfit},
}
@Article{Biobase,
  author = {Robert C Gentleman and Vincent J. Carey and Douglas M. Bates and {others}},
  title = {Bioconductor: Open software development for computational biology and bioinformatics},
  journal = {Genome Biology},
  volume = {5},
  year = {2004},
  pages = {R80},
  url = {http://genomebiology.com/2004/5/10/R80},
}
@Manual{BiocGenerics,
  title = {BiocGenerics: Generic functions for Bioconductor},
  author = {The Bioconductor Dev Team},
  note = {R package version 0.6.0},
}
@Manual{base,
  title = {R: A Language and Environment for Statistical Computing},
  author = {{R Core Team}},
  organization = {R Foundation for Statistical Computing},
  address = {Vienna, Austria},
  year = {2013},
  url = {http://www.R-project.org/},
}
@Article{biomaRt1,
  title = {Mapping identifiers for the integration of genomic datasets with the R/Bioconductor package biomaRt},
  author = {Steffen Durinck and Paul T. Spellman and Ewan Birney and Wolfgang Huber},
  journal = {Nature Protocols},
  year = {2009},
  volume = {4},
  pages = {1184--1191},
}

@Article{biomaRt2,
  title = {BioMart and Bioconductor: a powerful link between biological databases and microarray data analysis},
  author = {Steffen Durinck and Yves Moreau and Arek Kasprzyk and Sean Davis and Bart {De Moor} and Alvis Brazma and Wolfgang Huber},
  journal = {Bioinformatics},
  year = {2005},
  volume = {21},
  pages = {3439--3440},
}
@Manual{knitcitations,
  title = {knitcitations: Citations for knitr markdown files},
  author = {Carl Boettiger},
  year = {2013},
  note = {R package version 0.5-0},
  url = {https://github.com/cboettig/knitcitations},
}
@Manual{devtools,
  title = {devtools: Tools to make developing R code easier},
  author = {Hadley Wickham and Winston Chang},
  year = {2013},
  note = {R package version 1.3},
  url = {http://CRAN.R-project.org/package=devtools},
}
@Manual{bibtex,
  title = {bibtex: bibtex parser},
  author = {Romain Francois},
  year = {2013},
  note = {R package version 0.3-6},
  url = {http://CRAN.R-project.org/package=bibtex},
}
@Manual{knitr1,
  title = {knitr: A general-purpose package for dynamic report generation in R},
  author = {Yihui Xie},
  year = {2013},
  note = {R package version 1.4},
  url = {http://yihui.name/knitr/},
}

@Book{knitr2,
  title = {Dynamic Documents with {R} and knitr},
  author = {Yihui Xie},
  publisher = {Chapman and Hall/CRC},
  year = {2013},
  note = {ISBN 978-1482203530},
  url = {http://yihui.name/knitr/},
}

@InCollection{knitr3,
  booktitle = {Implementing Reproducible Computational Research},
  editor = {Victoria Stodden and Friedrich Leisch and Roger D. Peng},
  title = {knitr: A Comprehensive Tool for Reproducible Research in {R}},
  author = {Yihui Xie},
  publisher = {Chapman and Hall/CRC},
  year = {2013},
  note = {ISBN 978-1466561595},
  url = {http://www.crcpress.com/product/isbn/9781466561595},
}
@Article{DESeq,
  title = {Differential expression analysis for sequence count data},
  author = {Simon Anders and Wolfgang Huber},
  year = {2010},
  journal = {Genome Biology},
  volume = {11},
  pages = {R106},
  doi = {10.1186/gb-2010-11-10-r106},
  url = {http://genomebiology.com/2010/11/10/R106/},
}
@Book{lattice,
  title = {Lattice: Multivariate Data Visualization with R},
  author = {Deepayan Sarkar},
  publisher = {Springer},
  address = {New York},
  year = {2008},
  note = {ISBN 978-0-387-75968-5},
  url = {http://lmdvr.r-forge.r-project.org},
}
@Manual{locfit,
  title = {locfit: Local Regression, Likelihood and Density Estimation.},
  author = {Catherine Loader},
  year = {2013},
  note = {R package version 1.5-9.1},
  url = {http://CRAN.R-project.org/package=locfit},
}
@Article{Biobase,
  author = {Robert C Gentleman and Vincent J. Carey and Douglas M. Bates and {others}},
  title = {Bioconductor: Open software development for computational biology and bioinformatics},
  journal = {Genome Biology},
  volume = {5},
  year = {2004},
  pages = {R80},
  url = {http://genomebiology.com/2004/5/10/R80},
}
@Manual{BiocGenerics,
  title = {BiocGenerics: Generic functions for Bioconductor},
  author = {The Bioconductor Dev Team},
  note = {R package version 0.6.0},
}
