@Manual{Yihui20131,
  title = {knitr: A general-purpose package for dynamic report generation in R},
  author = {Alastair Andrew and Alex Zvoleff and Brian Diggs and Cassio Pereira and Hadley Wickham and Heewon Jeon and Jeff Arnold and Jeremy Stephens and Jim Hester and Joe Cheng and Jonathan Keane and J.J. Allaire and Johan Toloe and Kohske Takahashi and Michel Kuhlmann and Nacho Caballero and Nick Salkowski and Noam Ross and Ramnath Vaidyanathan and Richard Cotton and Romain Francois and Sietse Brouwer and Simon de Bernard and Taiyun Wei and Thibaut Lamadon and Tom Torsney-Weir and Trevor Davis and Weicheng Zhu and Wush Wu and Yihui Xie},
  year = {2013},
  note = {R package version 1.5},
  url = {http://yihui.name/knitr/},
  numeral = {1},
}
@Book{Yihui20132,
  title = {Dynamic Documents with {R} and knitr},
  author = {Yihui Xie},
  publisher = {Chapman and Hall/CRC},
  year = {2013},
  note = {ISBN 978-1482203530},
  url = {http://yihui.name/knitr/},
  numeral = {1},
}
@InCollection{Yihui20133,
  booktitle = {Implementing Reproducible Computational Research},
  editor = {Victoria Stodden and Friedrich Leisch and Roger D. Peng},
  title = {knitr: A Comprehensive Tool for Reproducible Research in {R}},
  author = {Yihui Xie},
  publisher = {Chapman and Hall/CRC},
  year = {2013},
  note = {ISBN 978-1466561595},
  url = {http://www.crcpress.com/product/isbn/9781466561595},
  numeral = {1},
}
@Manual{Boettiger2013,
  title = {knitcitations: Citations for knitr markdown files},
  author = {Carl Boettiger},
  year = {2013},
  note = {R package version 0.5-0},
  url = {https://github.com/cboettig/knitcitations},
  numeral = {1},
}
@Manual{TempleLang2012,
  title = {RCurl: General network (HTTP/FTP/...) client interface for R},
  author = {Duncan Temple Lang},
  year = {2013},
  note = {R package version 1.95-4.1},
  url = {http://CRAN.R-project.org/package=RCurl},
  numeral = {1},
}
@Book{car,
  title = {An {R} Companion to Applied Regression},
  edition = {Second},
  author = {John Fox and Sanford Weisberg},
  year = {2011},
  publisher = {Sage},
  address = {Thousand Oaks {CA}},
  url = {http://socserv.socsci.mcmaster.ca/jfox/Books/Companion},
  numeral = {1},
}
@Manual{base,
  title = {R: A Language and Environment for Statistical Computing},
  author = {{R Core Team}},
  organization = {R Foundation for Statistical Computing},
  address = {Vienna, Austria},
  year = {2013},
  url = {http://www.R-project.org/},
  numeral = {1},
}
@Book{car,
  title = {An {R} Companion to Applied Regression},
  edition = {Second},
  author = {John Fox and Sanford Weisberg},
  year = {2011},
  publisher = {Sage},
  address = {Thousand Oaks {CA}},
  url = {http://socserv.socsci.mcmaster.ca/jfox/Books/Companion},
  numeral = {1},
}
@Manual{base,
  title = {R: A Language and Environment for Statistical Computing},
  author = {{R Core Team}},
  organization = {R Foundation for Statistical Computing},
  address = {Vienna, Austria},
  year = {2013},
  url = {http://www.R-project.org/},
  numeral = {1},
}
@Book{car,
  title = {An {R} Companion to Applied Regression},
  edition = {Second},
  author = {John Fox and Sanford Weisberg},
  year = {2011},
  publisher = {Sage},
  address = {Thousand Oaks {CA}},
  url = {http://socserv.socsci.mcmaster.ca/jfox/Books/Companion},
  numeral = {1},
}
@Manual{base,
  title = {R: A Language and Environment for Statistical Computing},
  author = {{R Core Team}},
  organization = {R Foundation for Statistical Computing},
  address = {Vienna, Austria},
  year = {2013},
  url = {http://www.R-project.org/},
  numeral = {1},
}
@Book{car,
  title = {An {R} Companion to Applied Regression},
  edition = {Second},
  author = {John Fox and Sanford Weisberg},
  year = {2011},
  publisher = {Sage},
  address = {Thousand Oaks {CA}},
  url = {http://socserv.socsci.mcmaster.ca/jfox/Books/Companion},
  numeral = {1},
}
@Manual{base,
  title = {R: A Language and Environment for Statistical Computing},
  author = {{R Core Team}},
  organization = {R Foundation for Statistical Computing},
  address = {Vienna, Austria},
  year = {2013},
  url = {http://www.R-project.org/},
  numeral = {1},
}
@Book{car,
  title = {An {R} Companion to Applied Regression},
  edition = {Second},
  author = {John Fox and Sanford Weisberg},
  year = {2011},
  publisher = {Sage},
  address = {Thousand Oaks {CA}},
  url = {http://socserv.socsci.mcmaster.ca/jfox/Books/Companion},
  numeral = {1},
}
@Manual{base,
  title = {R: A Language and Environment for Statistical Computing},
  author = {{R Core Team}},
  organization = {R Foundation for Statistical Computing},
  address = {Vienna, Austria},
  year = {2013},
  url = {http://www.R-project.org/},
  numeral = {1},
}
@Book{car,
  title = {An {R} Companion to Applied Regression},
  edition = {Second},
  author = {John Fox and Sanford Weisberg},
  year = {2011},
  publisher = {Sage},
  address = {Thousand Oaks {CA}},
  url = {http://socserv.socsci.mcmaster.ca/jfox/Books/Companion},
  numeral = {1},
}
@Manual{base,
  title = {R: A Language and Environment for Statistical Computing},
  author = {{R Core Team}},
  organization = {R Foundation for Statistical Computing},
  address = {Vienna, Austria},
  year = {2013},
  url = {http://www.R-project.org/},
  numeral = {1},
}
@Book{car,
  title = {An {R} Companion to Applied Regression},
  edition = {Second},
  author = {John Fox and Sanford Weisberg},
  year = {2011},
  publisher = {Sage},
  address = {Thousand Oaks {CA}},
  url = {http://socserv.socsci.mcmaster.ca/jfox/Books/Companion},
  numeral = {1},
}
@Manual{base,
  title = {R: A Language and Environment for Statistical Computing},
  author = {{R Core Team}},
  organization = {R Foundation for Statistical Computing},
  address = {Vienna, Austria},
  year = {2013},
  url = {http://www.R-project.org/},
  numeral = {1},
}
@Book{car,
  title = {An {R} Companion to Applied Regression},
  edition = {Second},
  author = {John Fox and Sanford Weisberg},
  year = {2011},
  publisher = {Sage},
  address = {Thousand Oaks {CA}},
  url = {http://socserv.socsci.mcmaster.ca/jfox/Books/Companion},
  numeral = {1},
}
@Manual{base,
  title = {R: A Language and Environment for Statistical Computing},
  author = {{R Core Team}},
  organization = {R Foundation for Statistical Computing},
  address = {Vienna, Austria},
  year = {2013},
  url = {http://www.R-project.org/},
  numeral = {1},
}
@Book{car,
  title = {An {R} Companion to Applied Regression},
  edition = {Second},
  author = {John Fox and Sanford Weisberg},
  year = {2011},
  publisher = {Sage},
  address = {Thousand Oaks {CA}},
  url = {http://socserv.socsci.mcmaster.ca/jfox/Books/Companion},
  numeral = {1},
}
@Manual{base,
  title = {R: A Language and Environment for Statistical Computing},
  author = {{R Core Team}},
  organization = {R Foundation for Statistical Computing},
  address = {Vienna, Austria},
  year = {2013},
  url = {http://www.R-project.org/},
  numeral = {1},
}
@Book{car,
  title = {An {R} Companion to Applied Regression},
  edition = {Second},
  author = {John Fox and Sanford Weisberg},
  year = {2011},
  publisher = {Sage},
  address = {Thousand Oaks {CA}},
  url = {http://socserv.socsci.mcmaster.ca/jfox/Books/Companion},
  numeral = {1},
}
@Manual{base,
  title = {R: A Language and Environment for Statistical Computing},
  author = {{R Core Team}},
  organization = {R Foundation for Statistical Computing},
  address = {Vienna, Austria},
  year = {2013},
  url = {http://www.R-project.org/},
  numeral = {1},
}
@Book{car,
  title = {An {R} Companion to Applied Regression},
  edition = {Second},
  author = {John Fox and Sanford Weisberg},
  year = {2011},
  publisher = {Sage},
  address = {Thousand Oaks {CA}},
  url = {http://socserv.socsci.mcmaster.ca/jfox/Books/Companion},
  numeral = {1},
}
@Manual{base,
  title = {R: A Language and Environment for Statistical Computing},
  author = {{R Core Team}},
  organization = {R Foundation for Statistical Computing},
  address = {Vienna, Austria},
  year = {2013},
  url = {http://www.R-project.org/},
  numeral = {1},
}
@Book{car,
  title = {An {R} Companion to Applied Regression},
  edition = {Second},
  author = {John Fox and Sanford Weisberg},
  year = {2011},
  publisher = {Sage},
  address = {Thousand Oaks {CA}},
  url = {http://socserv.socsci.mcmaster.ca/jfox/Books/Companion},
  numeral = {1},
}
@Manual{base,
  title = {R: A Language and Environment for Statistical Computing},
  author = {{R Core Team}},
  organization = {R Foundation for Statistical Computing},
  address = {Vienna, Austria},
  year = {2013},
  url = {http://www.R-project.org/},
  numeral = {1},
}
@Book{car,
  title = {An {R} Companion to Applied Regression},
  edition = {Second},
  author = {John Fox and Sanford Weisberg},
  year = {2011},
  publisher = {Sage},
  address = {Thousand Oaks {CA}},
  url = {http://socserv.socsci.mcmaster.ca/jfox/Books/Companion},
  numeral = {1},
}
@Manual{base,
  title = {R: A Language and Environment for Statistical Computing},
  author = {{R Core Team}},
  organization = {R Foundation for Statistical Computing},
  address = {Vienna, Austria},
  year = {2013},
  url = {http://www.R-project.org/},
  numeral = {1},
}
@Book{car,
  title = {An {R} Companion to Applied Regression},
  edition = {Second},
  author = {John Fox and Sanford Weisberg},
  year = {2011},
  publisher = {Sage},
  address = {Thousand Oaks {CA}},
  url = {http://socserv.socsci.mcmaster.ca/jfox/Books/Companion},
  numeral = {1},
}
@Manual{base,
  title = {R: A Language and Environment for Statistical Computing},
  author = {{R Core Team}},
  organization = {R Foundation for Statistical Computing},
  address = {Vienna, Austria},
  year = {2013},
  url = {http://www.R-project.org/},
  numeral = {1},
}
@Book{car,
  title = {An {R} Companion to Applied Regression},
  edition = {Second},
  author = {John Fox and Sanford Weisberg},
  year = {2011},
  publisher = {Sage},
  address = {Thousand Oaks {CA}},
  url = {http://socserv.socsci.mcmaster.ca/jfox/Books/Companion},
  numeral = {1},
}
@Manual{base,
  title = {R: A Language and Environment for Statistical Computing},
  author = {{R Core Team}},
  organization = {R Foundation for Statistical Computing},
  address = {Vienna, Austria},
  year = {2013},
  url = {http://www.R-project.org/},
  numeral = {1},
}
@Book{car,
  title = {An {R} Companion to Applied Regression},
  edition = {Second},
  author = {John Fox and Sanford Weisberg},
  year = {2011},
  publisher = {Sage},
  address = {Thousand Oaks {CA}},
  url = {http://socserv.socsci.mcmaster.ca/jfox/Books/Companion},
  numeral = {1},
}
@Manual{base,
  title = {R: A Language and Environment for Statistical Computing},
  author = {{R Core Team}},
  organization = {R Foundation for Statistical Computing},
  address = {Vienna, Austria},
  year = {2013},
  url = {http://www.R-project.org/},
  numeral = {1},
}
@Book{car,
  title = {An {R} Companion to Applied Regression},
  edition = {Second},
  author = {John Fox and Sanford Weisberg},
  year = {2011},
  publisher = {Sage},
  address = {Thousand Oaks {CA}},
  url = {http://socserv.socsci.mcmaster.ca/jfox/Books/Companion},
  numeral = {1},
}
@Manual{base,
  title = {R: A Language and Environment for Statistical Computing},
  author = {{R Core Team}},
  organization = {R Foundation for Statistical Computing},
  address = {Vienna, Austria},
  year = {2013},
  url = {http://www.R-project.org/},
  numeral = {1},
}
@Book{car,
  title = {An {R} Companion to Applied Regression},
  edition = {Second},
  author = {John Fox and Sanford Weisberg},
  year = {2011},
  publisher = {Sage},
  address = {Thousand Oaks {CA}},
  url = {http://socserv.socsci.mcmaster.ca/jfox/Books/Companion},
  numeral = {1},
}
@Manual{base,
  title = {R: A Language and Environment for Statistical Computing},
  author = {{R Core Team}},
  organization = {R Foundation for Statistical Computing},
  address = {Vienna, Austria},
  year = {2013},
  url = {http://www.R-project.org/},
  numeral = {1},
}
@Book{car,
  title = {An {R} Companion to Applied Regression},
  edition = {Second},
  author = {John Fox and Sanford Weisberg},
  year = {2011},
  publisher = {Sage},
  address = {Thousand Oaks {CA}},
  url = {http://socserv.socsci.mcmaster.ca/jfox/Books/Companion},
  numeral = {1},
}
@Manual{base,
  title = {R: A Language and Environment for Statistical Computing},
  author = {{R Core Team}},
  organization = {R Foundation for Statistical Computing},
  address = {Vienna, Austria},
  year = {2013},
  url = {http://www.R-project.org/},
  numeral = {1},
}
@Book{car,
  title = {An {R} Companion to Applied Regression},
  edition = {Second},
  author = {John Fox and Sanford Weisberg},
  year = {2011},
  publisher = {Sage},
  address = {Thousand Oaks {CA}},
  url = {http://socserv.socsci.mcmaster.ca/jfox/Books/Companion},
  numeral = {1},
}
@Manual{base,
  title = {R: A Language and Environment for Statistical Computing},
  author = {{R Core Team}},
  organization = {R Foundation for Statistical Computing},
  address = {Vienna, Austria},
  year = {2013},
  url = {http://www.R-project.org/},
  numeral = {1},
}
@Book{car,
  title = {An {R} Companion to Applied Regression},
  edition = {Second},
  author = {John Fox and Sanford Weisberg},
  year = {2011},
  publisher = {Sage},
  address = {Thousand Oaks {CA}},
  url = {http://socserv.socsci.mcmaster.ca/jfox/Books/Companion},
  numeral = {1},
}
@Manual{base,
  title = {R: A Language and Environment for Statistical Computing},
  author = {{R Core Team}},
  organization = {R Foundation for Statistical Computing},
  address = {Vienna, Austria},
  year = {2013},
  url = {http://www.R-project.org/},
  numeral = {1},
}
@Book{car,
  title = {An {R} Companion to Applied Regression},
  edition = {Second},
  author = {John Fox and Sanford Weisberg},
  year = {2011},
  publisher = {Sage},
  address = {Thousand Oaks {CA}},
  url = {http://socserv.socsci.mcmaster.ca/jfox/Books/Companion},
  numeral = {1},
}
@Manual{base,
  title = {R: A Language and Environment for Statistical Computing},
  author = {{R Core Team}},
  organization = {R Foundation for Statistical Computing},
  address = {Vienna, Austria},
  year = {2013},
  url = {http://www.R-project.org/},
  numeral = {1},
}
@Book{car,
  title = {An {R} Companion to Applied Regression},
  edition = {Second},
  author = {John Fox and Sanford Weisberg},
  year = {2011},
  publisher = {Sage},
  address = {Thousand Oaks {CA}},
  url = {http://socserv.socsci.mcmaster.ca/jfox/Books/Companion},
  numeral = {1},
}
@Manual{base,
  title = {R: A Language and Environment for Statistical Computing},
  author = {{R Core Team}},
  organization = {R Foundation for Statistical Computing},
  address = {Vienna, Austria},
  year = {2013},
  url = {http://www.R-project.org/},
  numeral = {1},
}
@Book{car,
  title = {An {R} Companion to Applied Regression},
  edition = {Second},
  author = {John Fox and Sanford Weisberg},
  year = {2011},
  publisher = {Sage},
  address = {Thousand Oaks {CA}},
  url = {http://socserv.socsci.mcmaster.ca/jfox/Books/Companion},
  numeral = {1},
}
@Manual{base,
  title = {R: A Language and Environment for Statistical Computing},
  author = {{R Core Team}},
  organization = {R Foundation for Statistical Computing},
  address = {Vienna, Austria},
  year = {2013},
  url = {http://www.R-project.org/},
  numeral = {1},
}
@Book{car,
  title = {An {R} Companion to Applied Regression},
  edition = {Second},
  author = {John Fox and Sanford Weisberg},
  year = {2011},
  publisher = {Sage},
  address = {Thousand Oaks {CA}},
  url = {http://socserv.socsci.mcmaster.ca/jfox/Books/Companion},
  numeral = {1},
}
@Manual{base,
  title = {R: A Language and Environment for Statistical Computing},
  author = {{R Core Team}},
  organization = {R Foundation for Statistical Computing},
  address = {Vienna, Austria},
  year = {2013},
  url = {http://www.R-project.org/},
  numeral = {1},
}
@Book{car,
  title = {An {R} Companion to Applied Regression},
  edition = {Second},
  author = {John Fox and Sanford Weisberg},
  year = {2011},
  publisher = {Sage},
  address = {Thousand Oaks {CA}},
  url = {http://socserv.socsci.mcmaster.ca/jfox/Books/Companion},
  numeral = {1},
}
@Manual{base,
  title = {R: A Language and Environment for Statistical Computing},
  author = {{R Core Team}},
  organization = {R Foundation for Statistical Computing},
  address = {Vienna, Austria},
  year = {2013},
  url = {http://www.R-project.org/},
  numeral = {1},
}
@Book{car,
  title = {An {R} Companion to Applied Regression},
  edition = {Second},
  author = {John Fox and Sanford Weisberg},
  year = {2011},
  publisher = {Sage},
  address = {Thousand Oaks {CA}},
  url = {http://socserv.socsci.mcmaster.ca/jfox/Books/Companion},
  numeral = {1},
}
@Manual{base,
  title = {R: A Language and Environment for Statistical Computing},
  author = {{R Core Team}},
  organization = {R Foundation for Statistical Computing},
  address = {Vienna, Austria},
  year = {2013},
  url = {http://www.R-project.org/},
  numeral = {1},
}
@Book{car,
  title = {An {R} Companion to Applied Regression},
  edition = {Second},
  author = {John Fox and Sanford Weisberg},
  year = {2011},
  publisher = {Sage},
  address = {Thousand Oaks {CA}},
  url = {http://socserv.socsci.mcmaster.ca/jfox/Books/Companion},
  numeral = {1},
}
@Manual{base,
  title = {R: A Language and Environment for Statistical Computing},
  author = {{R Core Team}},
  organization = {R Foundation for Statistical Computing},
  address = {Vienna, Austria},
  year = {2013},
  url = {http://www.R-project.org/},
  numeral = {1},
}
@Book{car,
  title = {An {R} Companion to Applied Regression},
  edition = {Second},
  author = {John Fox and Sanford Weisberg},
  year = {2011},
  publisher = {Sage},
  address = {Thousand Oaks {CA}},
  url = {http://socserv.socsci.mcmaster.ca/jfox/Books/Companion},
  numeral = {1},
}
@Manual{base,
  title = {R: A Language and Environment for Statistical Computing},
  author = {{R Core Team}},
  organization = {R Foundation for Statistical Computing},
  address = {Vienna, Austria},
  year = {2013},
  url = {http://www.R-project.org/},
  numeral = {1},
}
@Book{car,
  title = {An {R} Companion to Applied Regression},
  edition = {Second},
  author = {John Fox and Sanford Weisberg},
  year = {2011},
  publisher = {Sage},
  address = {Thousand Oaks {CA}},
  url = {http://socserv.socsci.mcmaster.ca/jfox/Books/Companion},
  numeral = {1},
}
@Manual{base,
  title = {R: A Language and Environment for Statistical Computing},
  author = {{R Core Team}},
  organization = {R Foundation for Statistical Computing},
  address = {Vienna, Austria},
  year = {2013},
  url = {http://www.R-project.org/},
  numeral = {1},
}
@Book{car,
  title = {An {R} Companion to Applied Regression},
  edition = {Second},
  author = {John Fox and Sanford Weisberg},
  year = {2011},
  publisher = {Sage},
  address = {Thousand Oaks {CA}},
  url = {http://socserv.socsci.mcmaster.ca/jfox/Books/Companion},
  numeral = {1},
}
@Manual{base,
  title = {R: A Language and Environment for Statistical Computing},
  author = {{R Core Team}},
  organization = {R Foundation for Statistical Computing},
  address = {Vienna, Austria},
  year = {2013},
  url = {http://www.R-project.org/},
  numeral = {1},
}
@Book{car,
  title = {An {R} Companion to Applied Regression},
  edition = {Second},
  author = {John Fox and Sanford Weisberg},
  year = {2011},
  publisher = {Sage},
  address = {Thousand Oaks {CA}},
  url = {http://socserv.socsci.mcmaster.ca/jfox/Books/Companion},
  numeral = {1},
}
@Manual{base,
  title = {R: A Language and Environment for Statistical Computing},
  author = {{R Core Team}},
  organization = {R Foundation for Statistical Computing},
  address = {Vienna, Austria},
  year = {2013},
  url = {http://www.R-project.org/},
  numeral = {1},
}
@Book{car,
  title = {An {R} Companion to Applied Regression},
  edition = {Second},
  author = {John Fox and Sanford Weisberg},
  year = {2011},
  publisher = {Sage},
  address = {Thousand Oaks {CA}},
  url = {http://socserv.socsci.mcmaster.ca/jfox/Books/Companion},
  numeral = {1},
}
@Manual{base,
  title = {R: A Language and Environment for Statistical Computing},
  author = {{R Core Team}},
  organization = {R Foundation for Statistical Computing},
  address = {Vienna, Austria},
  year = {2013},
  url = {http://www.R-project.org/},
  numeral = {1},
}
@Book{car,
  title = {An {R} Companion to Applied Regression},
  edition = {Second},
  author = {John Fox and Sanford Weisberg},
  year = {2011},
  publisher = {Sage},
  address = {Thousand Oaks {CA}},
  url = {http://socserv.socsci.mcmaster.ca/jfox/Books/Companion},
  numeral = {1},
}
@Manual{base,
  title = {R: A Language and Environment for Statistical Computing},
  author = {{R Core Team}},
  organization = {R Foundation for Statistical Computing},
  address = {Vienna, Austria},
  year = {2013},
  url = {http://www.R-project.org/},
  numeral = {1},
}
@Book{car,
  title = {An {R} Companion to Applied Regression},
  edition = {Second},
  author = {John Fox and Sanford Weisberg},
  year = {2011},
  publisher = {Sage},
  address = {Thousand Oaks {CA}},
  url = {http://socserv.socsci.mcmaster.ca/jfox/Books/Companion},
  numeral = {1},
}
@Manual{base,
  title = {R: A Language and Environment for Statistical Computing},
  author = {{R Core Team}},
  organization = {R Foundation for Statistical Computing},
  address = {Vienna, Austria},
  year = {2013},
  url = {http://www.R-project.org/},
  numeral = {1},
}
@Book{car,
  title = {An {R} Companion to Applied Regression},
  edition = {Second},
  author = {John Fox and Sanford Weisberg},
  year = {2011},
  publisher = {Sage},
  address = {Thousand Oaks {CA}},
  url = {http://socserv.socsci.mcmaster.ca/jfox/Books/Companion},
  numeral = {1},
}
@Manual{base,
  title = {R: A Language and Environment for Statistical Computing},
  author = {{R Core Team}},
  organization = {R Foundation for Statistical Computing},
  address = {Vienna, Austria},
  year = {2013},
  url = {http://www.R-project.org/},
  numeral = {1},
}
@Book{car,
  title = {An {R} Companion to Applied Regression},
  edition = {Second},
  author = {John Fox and Sanford Weisberg},
  year = {2011},
  publisher = {Sage},
  address = {Thousand Oaks {CA}},
  url = {http://socserv.socsci.mcmaster.ca/jfox/Books/Companion},
  numeral = {1},
}
@Manual{base,
  title = {R: A Language and Environment for Statistical Computing},
  author = {{R Core Team}},
  organization = {R Foundation for Statistical Computing},
  address = {Vienna, Austria},
  year = {2014},
  url = {http://www.R-project.org/},
  numeral = {1},
}
@Book{car,
  title = {An {R} Companion to Applied Regression},
  edition = {Second},
  author = {John Fox and Sanford Weisberg},
  year = {2011},
  publisher = {Sage},
  address = {Thousand Oaks {CA}},
  url = {http://socserv.socsci.mcmaster.ca/jfox/Books/Companion},
  numeral = {1},
}
@Manual{base,
  title = {R: A Language and Environment for Statistical Computing},
  author = {{R Core Team}},
  organization = {R Foundation for Statistical Computing},
  address = {Vienna, Austria},
  year = {2014},
  url = {http://www.R-project.org/},
  numeral = {1},
}
@Book{car,
  title = {An {R} Companion to Applied Regression},
  edition = {Second},
  author = {John Fox and Sanford Weisberg},
  year = {2011},
  publisher = {Sage},
  address = {Thousand Oaks {CA}},
  url = {http://socserv.socsci.mcmaster.ca/jfox/Books/Companion},
  numeral = {1},
}
@Manual{base,
  title = {R: A Language and Environment for Statistical Computing},
  author = {{R Core Team}},
  organization = {R Foundation for Statistical Computing},
  address = {Vienna, Austria},
  year = {2014},
  url = {http://www.R-project.org/},
  numeral = {1},
}
@Book{car,
  title = {An {R} Companion to Applied Regression},
  edition = {Second},
  author = {John Fox and Sanford Weisberg},
  year = {2011},
  publisher = {Sage},
  address = {Thousand Oaks {CA}},
  url = {http://socserv.socsci.mcmaster.ca/jfox/Books/Companion},
  numeral = {1},
}
@Manual{base,
  title = {R: A Language and Environment for Statistical Computing},
  author = {{R Core Team}},
  organization = {R Foundation for Statistical Computing},
  address = {Vienna, Austria},
  year = {2014},
  url = {http://www.R-project.org/},
  numeral = {1},
}
@Book{car,
  title = {An {R} Companion to Applied Regression},
  edition = {Second},
  author = {John Fox and Sanford Weisberg},
  year = {2011},
  publisher = {Sage},
  address = {Thousand Oaks {CA}},
  url = {http://socserv.socsci.mcmaster.ca/jfox/Books/Companion},
  numeral = {1},
}
@Manual{base,
  title = {R: A Language and Environment for Statistical Computing},
  author = {{R Core Team}},
  organization = {R Foundation for Statistical Computing},
  address = {Vienna, Austria},
  year = {2014},
  url = {http://www.R-project.org/},
  numeral = {1},
}
@Book{car,
  title = {An {R} Companion to Applied Regression},
  edition = {Second},
  author = {John Fox and Sanford Weisberg},
  year = {2011},
  publisher = {Sage},
  address = {Thousand Oaks {CA}},
  url = {http://socserv.socsci.mcmaster.ca/jfox/Books/Companion},
  numeral = {1},
}
@Manual{base,
  title = {R: A Language and Environment for Statistical Computing},
  author = {{R Core Team}},
  organization = {R Foundation for Statistical Computing},
  address = {Vienna, Austria},
  year = {2014},
  url = {http://www.R-project.org/},
  numeral = {1},
}
@Book{car,
  title = {An {R} Companion to Applied Regression},
  edition = {Second},
  author = {John Fox and Sanford Weisberg},
  year = {2011},
  publisher = {Sage},
  address = {Thousand Oaks {CA}},
  url = {http://socserv.socsci.mcmaster.ca/jfox/Books/Companion},
  numeral = {1},
}
@Manual{base,
  title = {R: A Language and Environment for Statistical Computing},
  author = {{R Core Team}},
  organization = {R Foundation for Statistical Computing},
  address = {Vienna, Austria},
  year = {2014},
  url = {http://www.R-project.org/},
  numeral = {1},
}
@Book{car,
  title = {An {R} Companion to Applied Regression},
  edition = {Second},
  author = {John Fox and Sanford Weisberg},
  year = {2011},
  publisher = {Sage},
  address = {Thousand Oaks {CA}},
  url = {http://socserv.socsci.mcmaster.ca/jfox/Books/Companion},
  numeral = {1},
}
@Manual{base,
  title = {R: A Language and Environment for Statistical Computing},
  author = {{R Core Team}},
  organization = {R Foundation for Statistical Computing},
  address = {Vienna, Austria},
  year = {2014},
  url = {http://www.R-project.org/},
  numeral = {1},
}
@Book{car,
  title = {An {R} Companion to Applied Regression},
  edition = {Second},
  author = {John Fox and Sanford Weisberg},
  year = {2011},
  publisher = {Sage},
  address = {Thousand Oaks {CA}},
  url = {http://socserv.socsci.mcmaster.ca/jfox/Books/Companion},
  numeral = {1},
}
@Manual{base,
  title = {R: A Language and Environment for Statistical Computing},
  author = {{R Core Team}},
  organization = {R Foundation for Statistical Computing},
  address = {Vienna, Austria},
  year = {2014},
  url = {http://www.R-project.org/},
  numeral = {1},
}
@Book{car,
  title = {An {R} Companion to Applied Regression},
  edition = {Second},
  author = {John Fox and Sanford Weisberg},
  year = {2011},
  publisher = {Sage},
  address = {Thousand Oaks {CA}},
  url = {http://socserv.socsci.mcmaster.ca/jfox/Books/Companion},
  numeral = {1},
}
@Manual{base,
  title = {R: A Language and Environment for Statistical Computing},
  author = {{R Core Team}},
  organization = {R Foundation for Statistical Computing},
  address = {Vienna, Austria},
  year = {2014},
  url = {http://www.R-project.org/},
  numeral = {1},
}
@Book{car,
  title = {An {R} Companion to Applied Regression},
  edition = {Second},
  author = {John Fox and Sanford Weisberg},
  year = {2011},
  publisher = {Sage},
  address = {Thousand Oaks {CA}},
  url = {http://socserv.socsci.mcmaster.ca/jfox/Books/Companion},
  numeral = {1},
}
@Manual{base,
  title = {R: A Language and Environment for Statistical Computing},
  author = {{R Core Team}},
  organization = {R Foundation for Statistical Computing},
  address = {Vienna, Austria},
  year = {2014},
  url = {http://www.R-project.org/},
  numeral = {1},
}
@Book{car,
  title = {An {R} Companion to Applied Regression},
  edition = {Second},
  author = {John Fox and Sanford Weisberg},
  year = {2011},
  publisher = {Sage},
  address = {Thousand Oaks {CA}},
  url = {http://socserv.socsci.mcmaster.ca/jfox/Books/Companion},
  numeral = {1},
}
@Manual{base,
  title = {R: A Language and Environment for Statistical Computing},
  author = {{R Core Team}},
  organization = {R Foundation for Statistical Computing},
  address = {Vienna, Austria},
  year = {2014},
  url = {http://www.R-project.org/},
  numeral = {1},
}
@Book{car,
  title = {An {R} Companion to Applied Regression},
  edition = {Second},
  author = {John Fox and Sanford Weisberg},
  year = {2011},
  publisher = {Sage},
  address = {Thousand Oaks {CA}},
  url = {http://socserv.socsci.mcmaster.ca/jfox/Books/Companion},
  numeral = {1},
}
@Manual{base,
  title = {R: A Language and Environment for Statistical Computing},
  author = {{R Core Team}},
  organization = {R Foundation for Statistical Computing},
  address = {Vienna, Austria},
  year = {2014},
  url = {http://www.R-project.org/},
  numeral = {1},
}
@Book{car,
  title = {An {R} Companion to Applied Regression},
  edition = {Second},
  author = {John Fox and Sanford Weisberg},
  year = {2011},
  publisher = {Sage},
  address = {Thousand Oaks {CA}},
  url = {http://socserv.socsci.mcmaster.ca/jfox/Books/Companion},
  numeral = {1},
}
@Manual{base,
  title = {R: A Language and Environment for Statistical Computing},
  author = {{R Core Team}},
  organization = {R Foundation for Statistical Computing},
  address = {Vienna, Austria},
  year = {2014},
  url = {http://www.R-project.org/},
  numeral = {1},
}
@Book{car,
  title = {An {R} Companion to Applied Regression},
  edition = {Second},
  author = {John Fox and Sanford Weisberg},
  year = {2011},
  publisher = {Sage},
  address = {Thousand Oaks {CA}},
  url = {http://socserv.socsci.mcmaster.ca/jfox/Books/Companion},
  numeral = {1},
}
@Manual{base,
  title = {R: A Language and Environment for Statistical Computing},
  author = {{R Core Team}},
  organization = {R Foundation for Statistical Computing},
  address = {Vienna, Austria},
  year = {2014},
  url = {http://www.R-project.org/},
  numeral = {1},
}
@Book{car,
  title = {An {R} Companion to Applied Regression},
  edition = {Second},
  author = {John Fox and Sanford Weisberg},
  year = {2011},
  publisher = {Sage},
  address = {Thousand Oaks {CA}},
  url = {http://socserv.socsci.mcmaster.ca/jfox/Books/Companion},
  numeral = {1},
}
@Manual{base,
  title = {R: A Language and Environment for Statistical Computing},
  author = {{R Core Team}},
  organization = {R Foundation for Statistical Computing},
  address = {Vienna, Austria},
  year = {2014},
  url = {http://www.R-project.org/},
  numeral = {1},
}
@Book{car,
  title = {An {R} Companion to Applied Regression},
  edition = {Second},
  author = {John Fox and Sanford Weisberg},
  year = {2011},
  publisher = {Sage},
  address = {Thousand Oaks {CA}},
  url = {http://socserv.socsci.mcmaster.ca/jfox/Books/Companion},
  numeral = {1},
}
@Manual{base,
  title = {R: A Language and Environment for Statistical Computing},
  author = {{R Core Team}},
  organization = {R Foundation for Statistical Computing},
  address = {Vienna, Austria},
  year = {2014},
  url = {http://www.R-project.org/},
  numeral = {1},
}
@Book{car,
  title = {An {R} Companion to Applied Regression},
  edition = {Second},
  author = {John Fox and Sanford Weisberg},
  year = {2011},
  publisher = {Sage},
  address = {Thousand Oaks {CA}},
  url = {http://socserv.socsci.mcmaster.ca/jfox/Books/Companion},
  numeral = {1},
}
@Manual{base,
  title = {R: A Language and Environment for Statistical Computing},
  author = {{R Core Team}},
  organization = {R Foundation for Statistical Computing},
  address = {Vienna, Austria},
  year = {2014},
  url = {http://www.R-project.org/},
  numeral = {1},
}
@Book{car,
  title = {An {R} Companion to Applied Regression},
  edition = {Second},
  author = {John Fox and Sanford Weisberg},
  year = {2011},
  publisher = {Sage},
  address = {Thousand Oaks {CA}},
  url = {http://socserv.socsci.mcmaster.ca/jfox/Books/Companion},
  numeral = {1},
}
@Manual{base,
  title = {R: A Language and Environment for Statistical Computing},
  author = {{R Core Team}},
  organization = {R Foundation for Statistical Computing},
  address = {Vienna, Austria},
  year = {2014},
  url = {http://www.R-project.org/},
  numeral = {1},
}
@Book{car,
  title = {An {R} Companion to Applied Regression},
  edition = {Second},
  author = {John Fox and Sanford Weisberg},
  year = {2011},
  publisher = {Sage},
  address = {Thousand Oaks {CA}},
  url = {http://socserv.socsci.mcmaster.ca/jfox/Books/Companion},
  numeral = {1},
}
@Manual{base,
  title = {R: A Language and Environment for Statistical Computing},
  author = {{R Core Team}},
  organization = {R Foundation for Statistical Computing},
  address = {Vienna, Austria},
  year = {2014},
  url = {http://www.R-project.org/},
  numeral = {1},
}
@Book{car,
  title = {An {R} Companion to Applied Regression},
  edition = {Second},
  author = {John Fox and Sanford Weisberg},
  year = {2011},
  publisher = {Sage},
  address = {Thousand Oaks {CA}},
  url = {http://socserv.socsci.mcmaster.ca/jfox/Books/Companion},
  numeral = {1},
}
@Manual{base,
  title = {R: A Language and Environment for Statistical Computing},
  author = {{R Core Team}},
  organization = {R Foundation for Statistical Computing},
  address = {Vienna, Austria},
  year = {2014},
  url = {http://www.R-project.org/},
  numeral = {1},
}
@Book{car,
  title = {An {R} Companion to Applied Regression},
  edition = {Second},
  author = {John Fox and Sanford Weisberg},
  year = {2011},
  publisher = {Sage},
  address = {Thousand Oaks {CA}},
  url = {http://socserv.socsci.mcmaster.ca/jfox/Books/Companion},
  numeral = {1},
}
@Manual{base,
  title = {R: A Language and Environment for Statistical Computing},
  author = {{R Core Team}},
  organization = {R Foundation for Statistical Computing},
  address = {Vienna, Austria},
  year = {2014},
  url = {http://www.R-project.org/},
  numeral = {1},
}
@Book{car,
  title = {An {R} Companion to Applied Regression},
  edition = {Second},
  author = {John Fox and Sanford Weisberg},
  year = {2011},
  publisher = {Sage},
  address = {Thousand Oaks {CA}},
  url = {http://socserv.socsci.mcmaster.ca/jfox/Books/Companion},
  numeral = {1},
}
@Manual{base,
  title = {R: A Language and Environment for Statistical Computing},
  author = {{R Core Team}},
  organization = {R Foundation for Statistical Computing},
  address = {Vienna, Austria},
  year = {2014},
  url = {http://www.R-project.org/},
  numeral = {1},
}
@Book{car,
  title = {An {R} Companion to Applied Regression},
  edition = {Second},
  author = {John Fox and Sanford Weisberg},
  year = {2011},
  publisher = {Sage},
  address = {Thousand Oaks {CA}},
  url = {http://socserv.socsci.mcmaster.ca/jfox/Books/Companion},
  numeral = {1},
}
@Manual{base,
  title = {R: A Language and Environment for Statistical Computing},
  author = {{R Core Team}},
  organization = {R Foundation for Statistical Computing},
  address = {Vienna, Austria},
  year = {2014},
  url = {http://www.R-project.org/},
  numeral = {1},
}
@Book{car,
  title = {An {R} Companion to Applied Regression},
  edition = {Second},
  author = {John Fox and Sanford Weisberg},
  year = {2011},
  publisher = {Sage},
  address = {Thousand Oaks {CA}},
  url = {http://socserv.socsci.mcmaster.ca/jfox/Books/Companion},
  numeral = {1},
}
@Manual{base,
  title = {R: A Language and Environment for Statistical Computing},
  author = {{R Core Team}},
  organization = {R Foundation for Statistical Computing},
  address = {Vienna, Austria},
  year = {2014},
  url = {http://www.R-project.org/},
  numeral = {1},
}
@Book{car,
  title = {An {R} Companion to Applied Regression},
  edition = {Second},
  author = {John Fox and Sanford Weisberg},
  year = {2011},
  publisher = {Sage},
  address = {Thousand Oaks {CA}},
  url = {http://socserv.socsci.mcmaster.ca/jfox/Books/Companion},
  numeral = {1},
}
@Manual{base,
  title = {R: A Language and Environment for Statistical Computing},
  author = {{R Core Team}},
  organization = {R Foundation for Statistical Computing},
  address = {Vienna, Austria},
  year = {2014},
  url = {http://www.R-project.org/},
  numeral = {1},
}
@Book{car,
  title = {An {R} Companion to Applied Regression},
  edition = {Second},
  author = {John Fox and Sanford Weisberg},
  year = {2011},
  publisher = {Sage},
  address = {Thousand Oaks {CA}},
  url = {http://socserv.socsci.mcmaster.ca/jfox/Books/Companion},
  numeral = {1},
}
@Manual{base,
  title = {R: A Language and Environment for Statistical Computing},
  author = {{R Core Team}},
  organization = {R Foundation for Statistical Computing},
  address = {Vienna, Austria},
  year = {2014},
  url = {http://www.R-project.org/},
  numeral = {1},
}
@Book{car,
  title = {An {R} Companion to Applied Regression},
  edition = {Second},
  author = {John Fox and Sanford Weisberg},
  year = {2011},
  publisher = {Sage},
  address = {Thousand Oaks {CA}},
  url = {http://socserv.socsci.mcmaster.ca/jfox/Books/Companion},
  numeral = {1},
}
@Manual{base,
  title = {R: A Language and Environment for Statistical Computing},
  author = {{R Core Team}},
  organization = {R Foundation for Statistical Computing},
  address = {Vienna, Austria},
  year = {2014},
  url = {http://www.R-project.org/},
  numeral = {1},
}
@Book{car,
  title = {An {R} Companion to Applied Regression},
  edition = {Second},
  author = {John Fox and Sanford Weisberg},
  year = {2011},
  publisher = {Sage},
  address = {Thousand Oaks {CA}},
  url = {http://socserv.socsci.mcmaster.ca/jfox/Books/Companion},
  numeral = {1},
}
@Manual{base,
  title = {R: A Language and Environment for Statistical Computing},
  author = {{R Core Team}},
  organization = {R Foundation for Statistical Computing},
  address = {Vienna, Austria},
  year = {2014},
  url = {http://www.R-project.org/},
  numeral = {1},
}
