@Manual{base,
  title = {R: A Language and Environment for Statistical Computing},
  author = {{R Core Team}},
  organization = {R Foundation for Statistical Computing},
  address = {Vienna, Austria},
  year = {2013},
  url = {http://www.R-project.org/},
}
@Manual{knitcitations,
  title = {knitcitations: Citations for knitr markdown files},
  author = {Carl Boettiger},
  year = {2013},
  note = {R package version 0.5-0},
  url = {https://github.com/cboettig/knitcitations},
}
@Manual{bibtex,
  title = {bibtex: bibtex parser},
  author = {Romain Francois},
  year = {2013},
  note = {R package version 0.3-6},
  url = {http://CRAN.R-project.org/package=bibtex},
}
@Article{DESeq,
  title = {Differential expression analysis for sequence count data},
  author = {Simon Anders and Wolfgang Huber},
  year = {2010},
  journal = {Genome Biology},
  volume = {11},
  pages = {R106},
  doi = {10.1186/gb-2010-11-10-r106},
  url = {http://genomebiology.com/2010/11/10/R106/},
}
@Book{lattice,
  title = {Lattice: Multivariate Data Visualization with R},
  author = {Deepayan Sarkar},
  publisher = {Springer},
  address = {New York},
  year = {2008},
  note = {ISBN 978-0-387-75968-5},
  url = {http://lmdvr.r-forge.r-project.org},
}
@Manual{locfit,
  title = {locfit: Local Regression, Likelihood and Density Estimation.},
  author = {Catherine Loader},
  year = {2013},
  note = {R package version 1.5-9.1},
  url = {http://CRAN.R-project.org/package=locfit},
}
@Article{Biobase,
  author = {Robert C Gentleman and Vincent J. Carey and Douglas M. Bates and {others}},
  title = {Bioconductor: Open software development for computational biology and bioinformatics},
  journal = {Genome Biology},
  volume = {5},
  year = {2004},
  pages = {R80},
  url = {http://genomebiology.com/2004/5/10/R80},
}
@Manual{BiocGenerics,
  title = {BiocGenerics: Generic functions for Bioconductor},
  author = {The Bioconductor Dev Team},
  note = {R package version 0.6.0},
}
@Manual{knitr1,
  title = {knitr: A general-purpose package for dynamic report generation in R},
  author = {Yihui Xie},
  year = {2013},
  note = {R package version 1.4},
  url = {http://yihui.name/knitr/},
}

@Book{knitr2,
  title = {Dynamic Documents with {R} and knitr},
  author = {Yihui Xie},
  publisher = {Chapman and Hall/CRC},
  year = {2013},
  note = {ISBN 978-1482203530},
  url = {http://yihui.name/knitr/},
}

@InCollection{knitr3,
  booktitle = {Implementing Reproducible Computational Research},
  editor = {Victoria Stodden and Friedrich Leisch and Roger D. Peng},
  title = {knitr: A Comprehensive Tool for Reproducible Research in {R}},
  author = {Yihui Xie},
  publisher = {Chapman and Hall/CRC},
  year = {2013},
  note = {ISBN 978-1466561595},
  url = {http://www.crcpress.com/product/isbn/9781466561595},
}
@Manual{base,
  title = {R: A Language and Environment for Statistical Computing},
  author = {{R Core Team}},
  organization = {R Foundation for Statistical Computing},
  address = {Vienna, Austria},
  year = {2013},
  url = {http://www.R-project.org/},
}
@Manual{knitcitations,
  title = {knitcitations: Citations for knitr markdown files},
  author = {Carl Boettiger},
  year = {2013},
  note = {R package version 0.5-0},
  url = {https://github.com/cboettig/knitcitations},
}
@Manual{bibtex,
  title = {bibtex: bibtex parser},
  author = {Romain Francois},
  year = {2013},
  note = {R package version 0.3-6},
  url = {http://CRAN.R-project.org/package=bibtex},
}
@Article{DESeq,
  title = {Differential expression analysis for sequence count data},
  author = {Simon Anders and Wolfgang Huber},
  year = {2010},
  journal = {Genome Biology},
  volume = {11},
  pages = {R106},
  doi = {10.1186/gb-2010-11-10-r106},
  url = {http://genomebiology.com/2010/11/10/R106/},
}
@Book{lattice,
  title = {Lattice: Multivariate Data Visualization with R},
  author = {Deepayan Sarkar},
  publisher = {Springer},
  address = {New York},
  year = {2008},
  note = {ISBN 978-0-387-75968-5},
  url = {http://lmdvr.r-forge.r-project.org},
}
@Manual{locfit,
  title = {locfit: Local Regression, Likelihood and Density Estimation.},
  author = {Catherine Loader},
  year = {2013},
  note = {R package version 1.5-9.1},
  url = {http://CRAN.R-project.org/package=locfit},
}
@Article{Biobase,
  author = {Robert C Gentleman and Vincent J. Carey and Douglas M. Bates and {others}},
  title = {Bioconductor: Open software development for computational biology and bioinformatics},
  journal = {Genome Biology},
  volume = {5},
  year = {2004},
  pages = {R80},
  url = {http://genomebiology.com/2004/5/10/R80},
}
@Manual{BiocGenerics,
  title = {BiocGenerics: Generic functions for Bioconductor},
  author = {The Bioconductor Dev Team},
  note = {R package version 0.6.0},
}
@Manual{knitr1,
  title = {knitr: A general-purpose package for dynamic report generation in R},
  author = {Yihui Xie},
  year = {2013},
  note = {R package version 1.4},
  url = {http://yihui.name/knitr/},
}

@Book{knitr2,
  title = {Dynamic Documents with {R} and knitr},
  author = {Yihui Xie},
  publisher = {Chapman and Hall/CRC},
  year = {2013},
  note = {ISBN 978-1482203530},
  url = {http://yihui.name/knitr/},
}

@InCollection{knitr3,
  booktitle = {Implementing Reproducible Computational Research},
  editor = {Victoria Stodden and Friedrich Leisch and Roger D. Peng},
  title = {knitr: A Comprehensive Tool for Reproducible Research in {R}},
  author = {Yihui Xie},
  publisher = {Chapman and Hall/CRC},
  year = {2013},
  note = {ISBN 978-1466561595},
  url = {http://www.crcpress.com/product/isbn/9781466561595},
}
@Manual{base,
  title = {R: A Language and Environment for Statistical Computing},
  author = {{R Core Team}},
  organization = {R Foundation for Statistical Computing},
  address = {Vienna, Austria},
  year = {2013},
  url = {http://www.R-project.org/},
}
@Manual{knitcitations,
  title = {knitcitations: Citations for knitr markdown files},
  author = {Carl Boettiger},
  year = {2013},
  note = {R package version 0.5-0},
  url = {https://github.com/cboettig/knitcitations},
}
@Manual{bibtex,
  title = {bibtex: bibtex parser},
  author = {Romain Francois},
  year = {2013},
  note = {R package version 0.3-6},
  url = {http://CRAN.R-project.org/package=bibtex},
}
@Article{DESeq,
  title = {Differential expression analysis for sequence count data},
  author = {Simon Anders and Wolfgang Huber},
  year = {2010},
  journal = {Genome Biology},
  volume = {11},
  pages = {R106},
  doi = {10.1186/gb-2010-11-10-r106},
  url = {http://genomebiology.com/2010/11/10/R106/},
}
@Book{lattice,
  title = {Lattice: Multivariate Data Visualization with R},
  author = {Deepayan Sarkar},
  publisher = {Springer},
  address = {New York},
  year = {2008},
  note = {ISBN 978-0-387-75968-5},
  url = {http://lmdvr.r-forge.r-project.org},
}
@Manual{locfit,
  title = {locfit: Local Regression, Likelihood and Density Estimation.},
  author = {Catherine Loader},
  year = {2013},
  note = {R package version 1.5-9.1},
  url = {http://CRAN.R-project.org/package=locfit},
}
@Article{Biobase,
  author = {Robert C Gentleman and Vincent J. Carey and Douglas M. Bates and {others}},
  title = {Bioconductor: Open software development for computational biology and bioinformatics},
  journal = {Genome Biology},
  volume = {5},
  year = {2004},
  pages = {R80},
  url = {http://genomebiology.com/2004/5/10/R80},
}
@Manual{BiocGenerics,
  title = {BiocGenerics: Generic functions for Bioconductor},
  author = {The Bioconductor Dev Team},
  note = {R package version 0.6.0},
}
@Manual{knitr1,
  title = {knitr: A general-purpose package for dynamic report generation in R},
  author = {Yihui Xie},
  year = {2013},
  note = {R package version 1.4},
  url = {http://yihui.name/knitr/},
}

@Book{knitr2,
  title = {Dynamic Documents with {R} and knitr},
  author = {Yihui Xie},
  publisher = {Chapman and Hall/CRC},
  year = {2013},
  note = {ISBN 978-1482203530},
  url = {http://yihui.name/knitr/},
}

@InCollection{knitr3,
  booktitle = {Implementing Reproducible Computational Research},
  editor = {Victoria Stodden and Friedrich Leisch and Roger D. Peng},
  title = {knitr: A Comprehensive Tool for Reproducible Research in {R}},
  author = {Yihui Xie},
  publisher = {Chapman and Hall/CRC},
  year = {2013},
  note = {ISBN 978-1466561595},
  url = {http://www.crcpress.com/product/isbn/9781466561595},
}
@Manual{base,
  title = {R: A Language and Environment for Statistical Computing},
  author = {{R Core Team}},
  organization = {R Foundation for Statistical Computing},
  address = {Vienna, Austria},
  year = {2013},
  url = {http://www.R-project.org/},
}
@Manual{knitcitations,
  title = {knitcitations: Citations for knitr markdown files},
  author = {Carl Boettiger},
  year = {2013},
  note = {R package version 0.5-0},
  url = {https://github.com/cboettig/knitcitations},
}
@Manual{bibtex,
  title = {bibtex: bibtex parser},
  author = {Romain Francois},
  year = {2013},
  note = {R package version 0.3-6},
  url = {http://CRAN.R-project.org/package=bibtex},
}
@Article{DESeq,
  title = {Differential expression analysis for sequence count data},
  author = {Simon Anders and Wolfgang Huber},
  year = {2010},
  journal = {Genome Biology},
  volume = {11},
  pages = {R106},
  doi = {10.1186/gb-2010-11-10-r106},
  url = {http://genomebiology.com/2010/11/10/R106/},
}
@Book{lattice,
  title = {Lattice: Multivariate Data Visualization with R},
  author = {Deepayan Sarkar},
  publisher = {Springer},
  address = {New York},
  year = {2008},
  note = {ISBN 978-0-387-75968-5},
  url = {http://lmdvr.r-forge.r-project.org},
}
@Manual{locfit,
  title = {locfit: Local Regression, Likelihood and Density Estimation.},
  author = {Catherine Loader},
  year = {2013},
  note = {R package version 1.5-9.1},
  url = {http://CRAN.R-project.org/package=locfit},
}
@Article{Biobase,
  author = {Robert C Gentleman and Vincent J. Carey and Douglas M. Bates and {others}},
  title = {Bioconductor: Open software development for computational biology and bioinformatics},
  journal = {Genome Biology},
  volume = {5},
  year = {2004},
  pages = {R80},
  url = {http://genomebiology.com/2004/5/10/R80},
}
@Manual{BiocGenerics,
  title = {BiocGenerics: Generic functions for Bioconductor},
  author = {The Bioconductor Dev Team},
  note = {R package version 0.6.0},
}
@Manual{knitr1,
  title = {knitr: A general-purpose package for dynamic report generation in R},
  author = {Yihui Xie},
  year = {2013},
  note = {R package version 1.4},
  url = {http://yihui.name/knitr/},
}

@Book{knitr2,
  title = {Dynamic Documents with {R} and knitr},
  author = {Yihui Xie},
  publisher = {Chapman and Hall/CRC},
  year = {2013},
  note = {ISBN 978-1482203530},
  url = {http://yihui.name/knitr/},
}

@InCollection{knitr3,
  booktitle = {Implementing Reproducible Computational Research},
  editor = {Victoria Stodden and Friedrich Leisch and Roger D. Peng},
  title = {knitr: A Comprehensive Tool for Reproducible Research in {R}},
  author = {Yihui Xie},
  publisher = {Chapman and Hall/CRC},
  year = {2013},
  note = {ISBN 978-1466561595},
  url = {http://www.crcpress.com/product/isbn/9781466561595},
}
@Manual{base,
  title = {R: A Language and Environment for Statistical Computing},
  author = {{R Core Team}},
  organization = {R Foundation for Statistical Computing},
  address = {Vienna, Austria},
  year = {2013},
  url = {http://www.R-project.org/},
}
@Manual{knitcitations,
  title = {knitcitations: Citations for knitr markdown files},
  author = {Carl Boettiger},
  year = {2013},
  note = {R package version 0.5-0},
  url = {https://github.com/cboettig/knitcitations},
}
@Manual{bibtex,
  title = {bibtex: bibtex parser},
  author = {Romain Francois},
  year = {2013},
  note = {R package version 0.3-6},
  url = {http://CRAN.R-project.org/package=bibtex},
}
@Article{DESeq,
  title = {Differential expression analysis for sequence count data},
  author = {Simon Anders and Wolfgang Huber},
  year = {2010},
  journal = {Genome Biology},
  volume = {11},
  pages = {R106},
  doi = {10.1186/gb-2010-11-10-r106},
  url = {http://genomebiology.com/2010/11/10/R106/},
}
@Book{lattice,
  title = {Lattice: Multivariate Data Visualization with R},
  author = {Deepayan Sarkar},
  publisher = {Springer},
  address = {New York},
  year = {2008},
  note = {ISBN 978-0-387-75968-5},
  url = {http://lmdvr.r-forge.r-project.org},
}
@Manual{locfit,
  title = {locfit: Local Regression, Likelihood and Density Estimation.},
  author = {Catherine Loader},
  year = {2013},
  note = {R package version 1.5-9.1},
  url = {http://CRAN.R-project.org/package=locfit},
}
@Article{Biobase,
  author = {Robert C Gentleman and Vincent J. Carey and Douglas M. Bates and {others}},
  title = {Bioconductor: Open software development for computational biology and bioinformatics},
  journal = {Genome Biology},
  volume = {5},
  year = {2004},
  pages = {R80},
  url = {http://genomebiology.com/2004/5/10/R80},
}
@Manual{BiocGenerics,
  title = {BiocGenerics: Generic functions for Bioconductor},
  author = {The Bioconductor Dev Team},
  note = {R package version 0.6.0},
}
@Manual{knitr1,
  title = {knitr: A general-purpose package for dynamic report generation in R},
  author = {Yihui Xie},
  year = {2013},
  note = {R package version 1.4},
  url = {http://yihui.name/knitr/},
}

@Book{knitr2,
  title = {Dynamic Documents with {R} and knitr},
  author = {Yihui Xie},
  publisher = {Chapman and Hall/CRC},
  year = {2013},
  note = {ISBN 978-1482203530},
  url = {http://yihui.name/knitr/},
}

@InCollection{knitr3,
  booktitle = {Implementing Reproducible Computational Research},
  editor = {Victoria Stodden and Friedrich Leisch and Roger D. Peng},
  title = {knitr: A Comprehensive Tool for Reproducible Research in {R}},
  author = {Yihui Xie},
  publisher = {Chapman and Hall/CRC},
  year = {2013},
  note = {ISBN 978-1466561595},
  url = {http://www.crcpress.com/product/isbn/9781466561595},
}
@Manual{base,
  title = {R: A Language and Environment for Statistical Computing},
  author = {{R Core Team}},
  organization = {R Foundation for Statistical Computing},
  address = {Vienna, Austria},
  year = {2013},
  url = {http://www.R-project.org/},
}
@Manual{knitcitations,
  title = {knitcitations: Citations for knitr markdown files},
  author = {Carl Boettiger},
  year = {2013},
  note = {R package version 0.5-0},
  url = {https://github.com/cboettig/knitcitations},
}
@Manual{bibtex,
  title = {bibtex: bibtex parser},
  author = {Romain Francois},
  year = {2013},
  note = {R package version 0.3-6},
  url = {http://CRAN.R-project.org/package=bibtex},
}
@Article{DESeq,
  title = {Differential expression analysis for sequence count data},
  author = {Simon Anders and Wolfgang Huber},
  year = {2010},
  journal = {Genome Biology},
  volume = {11},
  pages = {R106},
  doi = {10.1186/gb-2010-11-10-r106},
  url = {http://genomebiology.com/2010/11/10/R106/},
}
@Book{lattice,
  title = {Lattice: Multivariate Data Visualization with R},
  author = {Deepayan Sarkar},
  publisher = {Springer},
  address = {New York},
  year = {2008},
  note = {ISBN 978-0-387-75968-5},
  url = {http://lmdvr.r-forge.r-project.org},
}
@Manual{locfit,
  title = {locfit: Local Regression, Likelihood and Density Estimation.},
  author = {Catherine Loader},
  year = {2013},
  note = {R package version 1.5-9.1},
  url = {http://CRAN.R-project.org/package=locfit},
}
@Article{Biobase,
  author = {Robert C Gentleman and Vincent J. Carey and Douglas M. Bates and {others}},
  title = {Bioconductor: Open software development for computational biology and bioinformatics},
  journal = {Genome Biology},
  volume = {5},
  year = {2004},
  pages = {R80},
  url = {http://genomebiology.com/2004/5/10/R80},
}
@Manual{BiocGenerics,
  title = {BiocGenerics: Generic functions for Bioconductor},
  author = {The Bioconductor Dev Team},
  note = {R package version 0.6.0},
}
@Manual{knitr1,
  title = {knitr: A general-purpose package for dynamic report generation in R},
  author = {Yihui Xie},
  year = {2013},
  note = {R package version 1.4},
  url = {http://yihui.name/knitr/},
}

@Book{knitr2,
  title = {Dynamic Documents with {R} and knitr},
  author = {Yihui Xie},
  publisher = {Chapman and Hall/CRC},
  year = {2013},
  note = {ISBN 978-1482203530},
  url = {http://yihui.name/knitr/},
}

@InCollection{knitr3,
  booktitle = {Implementing Reproducible Computational Research},
  editor = {Victoria Stodden and Friedrich Leisch and Roger D. Peng},
  title = {knitr: A Comprehensive Tool for Reproducible Research in {R}},
  author = {Yihui Xie},
  publisher = {Chapman and Hall/CRC},
  year = {2013},
  note = {ISBN 978-1466561595},
  url = {http://www.crcpress.com/product/isbn/9781466561595},
}
@Manual{base,
  title = {R: A Language and Environment for Statistical Computing},
  author = {{R Core Team}},
  organization = {R Foundation for Statistical Computing},
  address = {Vienna, Austria},
  year = {2013},
  url = {http://www.R-project.org/},
}
@Manual{knitcitations,
  title = {knitcitations: Citations for knitr markdown files},
  author = {Carl Boettiger},
  year = {2013},
  note = {R package version 0.5-0},
  url = {https://github.com/cboettig/knitcitations},
}
@Manual{bibtex,
  title = {bibtex: bibtex parser},
  author = {Romain Francois},
  year = {2013},
  note = {R package version 0.3-6},
  url = {http://CRAN.R-project.org/package=bibtex},
}
@Article{DESeq,
  title = {Differential expression analysis for sequence count data},
  author = {Simon Anders and Wolfgang Huber},
  year = {2010},
  journal = {Genome Biology},
  volume = {11},
  pages = {R106},
  doi = {10.1186/gb-2010-11-10-r106},
  url = {http://genomebiology.com/2010/11/10/R106/},
}
@Book{lattice,
  title = {Lattice: Multivariate Data Visualization with R},
  author = {Deepayan Sarkar},
  publisher = {Springer},
  address = {New York},
  year = {2008},
  note = {ISBN 978-0-387-75968-5},
  url = {http://lmdvr.r-forge.r-project.org},
}
@Manual{locfit,
  title = {locfit: Local Regression, Likelihood and Density Estimation.},
  author = {Catherine Loader},
  year = {2013},
  note = {R package version 1.5-9.1},
  url = {http://CRAN.R-project.org/package=locfit},
}
@Article{Biobase,
  author = {Robert C Gentleman and Vincent J. Carey and Douglas M. Bates and {others}},
  title = {Bioconductor: Open software development for computational biology and bioinformatics},
  journal = {Genome Biology},
  volume = {5},
  year = {2004},
  pages = {R80},
  url = {http://genomebiology.com/2004/5/10/R80},
}
@Manual{BiocGenerics,
  title = {BiocGenerics: Generic functions for Bioconductor},
  author = {The Bioconductor Dev Team},
  note = {R package version 0.6.0},
}
@Manual{knitr1,
  title = {knitr: A general-purpose package for dynamic report generation in R},
  author = {Yihui Xie},
  year = {2013},
  note = {R package version 1.4},
  url = {http://yihui.name/knitr/},
}

@Book{knitr2,
  title = {Dynamic Documents with {R} and knitr},
  author = {Yihui Xie},
  publisher = {Chapman and Hall/CRC},
  year = {2013},
  note = {ISBN 978-1482203530},
  url = {http://yihui.name/knitr/},
}

@InCollection{knitr3,
  booktitle = {Implementing Reproducible Computational Research},
  editor = {Victoria Stodden and Friedrich Leisch and Roger D. Peng},
  title = {knitr: A Comprehensive Tool for Reproducible Research in {R}},
  author = {Yihui Xie},
  publisher = {Chapman and Hall/CRC},
  year = {2013},
  note = {ISBN 978-1466561595},
  url = {http://www.crcpress.com/product/isbn/9781466561595},
}
@Manual{base,
  title = {R: A Language and Environment for Statistical Computing},
  author = {{R Core Team}},
  organization = {R Foundation for Statistical Computing},
  address = {Vienna, Austria},
  year = {2013},
  url = {http://www.R-project.org/},
}
@Article{biomaRt1,
  title = {Mapping identifiers for the integration of genomic datasets with the R/Bioconductor package biomaRt},
  author = {Steffen Durinck and Paul T. Spellman and Ewan Birney and Wolfgang Huber},
  journal = {Nature Protocols},
  year = {2009},
  volume = {4},
  pages = {1184--1191},
}

@Article{biomaRt2,
  title = {BioMart and Bioconductor: a powerful link between biological databases and microarray data analysis},
  author = {Steffen Durinck and Yves Moreau and Arek Kasprzyk and Sean Davis and Bart {De Moor} and Alvis Brazma and Wolfgang Huber},
  journal = {Bioinformatics},
  year = {2005},
  volume = {21},
  pages = {3439--3440},
}
@Manual{knitcitations,
  title = {knitcitations: Citations for knitr markdown files},
  author = {Carl Boettiger},
  year = {2013},
  note = {R package version 0.5-0},
  url = {https://github.com/cboettig/knitcitations},
}
@Manual{bibtex,
  title = {bibtex: bibtex parser},
  author = {Romain Francois},
  year = {2013},
  note = {R package version 0.3-6},
  url = {http://CRAN.R-project.org/package=bibtex},
}
@Manual{knitr1,
  title = {knitr: A general-purpose package for dynamic report generation in R},
  author = {Yihui Xie},
  year = {2013},
  note = {R package version 1.4},
  url = {http://yihui.name/knitr/},
}

@Book{knitr2,
  title = {Dynamic Documents with {R} and knitr},
  author = {Yihui Xie},
  publisher = {Chapman and Hall/CRC},
  year = {2013},
  note = {ISBN 978-1482203530},
  url = {http://yihui.name/knitr/},
}

@InCollection{knitr3,
  booktitle = {Implementing Reproducible Computational Research},
  editor = {Victoria Stodden and Friedrich Leisch and Roger D. Peng},
  title = {knitr: A Comprehensive Tool for Reproducible Research in {R}},
  author = {Yihui Xie},
  publisher = {Chapman and Hall/CRC},
  year = {2013},
  note = {ISBN 978-1466561595},
  url = {http://www.crcpress.com/product/isbn/9781466561595},
}
@Manual{base,
  title = {R: A Language and Environment for Statistical Computing},
  author = {{R Core Team}},
  organization = {R Foundation for Statistical Computing},
  address = {Vienna, Austria},
  year = {2013},
  url = {http://www.R-project.org/},
}
@Article{biomaRt1,
  title = {Mapping identifiers for the integration of genomic datasets with the R/Bioconductor package biomaRt},
  author = {Steffen Durinck and Paul T. Spellman and Ewan Birney and Wolfgang Huber},
  journal = {Nature Protocols},
  year = {2009},
  volume = {4},
  pages = {1184--1191},
}

@Article{biomaRt2,
  title = {BioMart and Bioconductor: a powerful link between biological databases and microarray data analysis},
  author = {Steffen Durinck and Yves Moreau and Arek Kasprzyk and Sean Davis and Bart {De Moor} and Alvis Brazma and Wolfgang Huber},
  journal = {Bioinformatics},
  year = {2005},
  volume = {21},
  pages = {3439--3440},
}
@Manual{knitcitations,
  title = {knitcitations: Citations for knitr markdown files},
  author = {Carl Boettiger},
  year = {2013},
  note = {R package version 0.5-0},
  url = {https://github.com/cboettig/knitcitations},
}
@Manual{bibtex,
  title = {bibtex: bibtex parser},
  author = {Romain Francois},
  year = {2013},
  note = {R package version 0.3-6},
  url = {http://CRAN.R-project.org/package=bibtex},
}
@Manual{knitr1,
  title = {knitr: A general-purpose package for dynamic report generation in R},
  author = {Yihui Xie},
  year = {2013},
  note = {R package version 1.4},
  url = {http://yihui.name/knitr/},
}

@Book{knitr2,
  title = {Dynamic Documents with {R} and knitr},
  author = {Yihui Xie},
  publisher = {Chapman and Hall/CRC},
  year = {2013},
  note = {ISBN 978-1482203530},
  url = {http://yihui.name/knitr/},
}

@InCollection{knitr3,
  booktitle = {Implementing Reproducible Computational Research},
  editor = {Victoria Stodden and Friedrich Leisch and Roger D. Peng},
  title = {knitr: A Comprehensive Tool for Reproducible Research in {R}},
  author = {Yihui Xie},
  publisher = {Chapman and Hall/CRC},
  year = {2013},
  note = {ISBN 978-1466561595},
  url = {http://www.crcpress.com/product/isbn/9781466561595},
}
@Manual{base,
  title = {R: A Language and Environment for Statistical Computing},
  author = {{R Core Team}},
  organization = {R Foundation for Statistical Computing},
  address = {Vienna, Austria},
  year = {2013},
  url = {http://www.R-project.org/},
}
@Article{biomaRt1,
  title = {Mapping identifiers for the integration of genomic datasets with the R/Bioconductor package biomaRt},
  author = {Steffen Durinck and Paul T. Spellman and Ewan Birney and Wolfgang Huber},
  journal = {Nature Protocols},
  year = {2009},
  volume = {4},
  pages = {1184--1191},
}

@Article{biomaRt2,
  title = {BioMart and Bioconductor: a powerful link between biological databases and microarray data analysis},
  author = {Steffen Durinck and Yves Moreau and Arek Kasprzyk and Sean Davis and Bart {De Moor} and Alvis Brazma and Wolfgang Huber},
  journal = {Bioinformatics},
  year = {2005},
  volume = {21},
  pages = {3439--3440},
}
@Manual{knitcitations,
  title = {knitcitations: Citations for knitr markdown files},
  author = {Carl Boettiger},
  year = {2013},
  note = {R package version 0.5-0},
  url = {https://github.com/cboettig/knitcitations},
}
@Manual{bibtex,
  title = {bibtex: bibtex parser},
  author = {Romain Francois},
  year = {2013},
  note = {R package version 0.3-6},
  url = {http://CRAN.R-project.org/package=bibtex},
}
@Manual{knitr1,
  title = {knitr: A general-purpose package for dynamic report generation in R},
  author = {Yihui Xie},
  year = {2013},
  note = {R package version 1.4},
  url = {http://yihui.name/knitr/},
}

@Book{knitr2,
  title = {Dynamic Documents with {R} and knitr},
  author = {Yihui Xie},
  publisher = {Chapman and Hall/CRC},
  year = {2013},
  note = {ISBN 978-1482203530},
  url = {http://yihui.name/knitr/},
}

@InCollection{knitr3,
  booktitle = {Implementing Reproducible Computational Research},
  editor = {Victoria Stodden and Friedrich Leisch and Roger D. Peng},
  title = {knitr: A Comprehensive Tool for Reproducible Research in {R}},
  author = {Yihui Xie},
  publisher = {Chapman and Hall/CRC},
  year = {2013},
  note = {ISBN 978-1466561595},
  url = {http://www.crcpress.com/product/isbn/9781466561595},
}
@Manual{base,
  title = {R: A Language and Environment for Statistical Computing},
  author = {{R Core Team}},
  organization = {R Foundation for Statistical Computing},
  address = {Vienna, Austria},
  year = {2013},
  url = {http://www.R-project.org/},
}
@Article{biomaRt1,
  title = {Mapping identifiers for the integration of genomic datasets with the R/Bioconductor package biomaRt},
  author = {Steffen Durinck and Paul T. Spellman and Ewan Birney and Wolfgang Huber},
  journal = {Nature Protocols},
  year = {2009},
  volume = {4},
  pages = {1184--1191},
}

@Article{biomaRt2,
  title = {BioMart and Bioconductor: a powerful link between biological databases and microarray data analysis},
  author = {Steffen Durinck and Yves Moreau and Arek Kasprzyk and Sean Davis and Bart {De Moor} and Alvis Brazma and Wolfgang Huber},
  journal = {Bioinformatics},
  year = {2005},
  volume = {21},
  pages = {3439--3440},
}
@Manual{knitcitations,
  title = {knitcitations: Citations for knitr markdown files},
  author = {Carl Boettiger},
  year = {2013},
  note = {R package version 0.5-0},
  url = {https://github.com/cboettig/knitcitations},
}
@Manual{bibtex,
  title = {bibtex: bibtex parser},
  author = {Romain Francois},
  year = {2013},
  note = {R package version 0.3-6},
  url = {http://CRAN.R-project.org/package=bibtex},
}
@Manual{knitr1,
  title = {knitr: A general-purpose package for dynamic report generation in R},
  author = {Yihui Xie},
  year = {2013},
  note = {R package version 1.4},
  url = {http://yihui.name/knitr/},
}

@Book{knitr2,
  title = {Dynamic Documents with {R} and knitr},
  author = {Yihui Xie},
  publisher = {Chapman and Hall/CRC},
  year = {2013},
  note = {ISBN 978-1482203530},
  url = {http://yihui.name/knitr/},
}

@InCollection{knitr3,
  booktitle = {Implementing Reproducible Computational Research},
  editor = {Victoria Stodden and Friedrich Leisch and Roger D. Peng},
  title = {knitr: A Comprehensive Tool for Reproducible Research in {R}},
  author = {Yihui Xie},
  publisher = {Chapman and Hall/CRC},
  year = {2013},
  note = {ISBN 978-1466561595},
  url = {http://www.crcpress.com/product/isbn/9781466561595},
}
@Manual{base,
  title = {R: A Language and Environment for Statistical Computing},
  author = {{R Core Team}},
  organization = {R Foundation for Statistical Computing},
  address = {Vienna, Austria},
  year = {2013},
  url = {http://www.R-project.org/},
}
@Article{biomaRt1,
  title = {Mapping identifiers for the integration of genomic datasets with the R/Bioconductor package biomaRt},
  author = {Steffen Durinck and Paul T. Spellman and Ewan Birney and Wolfgang Huber},
  journal = {Nature Protocols},
  year = {2009},
  volume = {4},
  pages = {1184--1191},
}

@Article{biomaRt2,
  title = {BioMart and Bioconductor: a powerful link between biological databases and microarray data analysis},
  author = {Steffen Durinck and Yves Moreau and Arek Kasprzyk and Sean Davis and Bart {De Moor} and Alvis Brazma and Wolfgang Huber},
  journal = {Bioinformatics},
  year = {2005},
  volume = {21},
  pages = {3439--3440},
}
@Manual{knitcitations,
  title = {knitcitations: Citations for knitr markdown files},
  author = {Carl Boettiger},
  year = {2013},
  note = {R package version 0.5-0},
  url = {https://github.com/cboettig/knitcitations},
}
@Manual{bibtex,
  title = {bibtex: bibtex parser},
  author = {Romain Francois},
  year = {2013},
  note = {R package version 0.3-6},
  url = {http://CRAN.R-project.org/package=bibtex},
}
@Manual{knitr1,
  title = {knitr: A general-purpose package for dynamic report generation in R},
  author = {Yihui Xie},
  year = {2013},
  note = {R package version 1.4},
  url = {http://yihui.name/knitr/},
}

@Book{knitr2,
  title = {Dynamic Documents with {R} and knitr},
  author = {Yihui Xie},
  publisher = {Chapman and Hall/CRC},
  year = {2013},
  note = {ISBN 978-1482203530},
  url = {http://yihui.name/knitr/},
}

@InCollection{knitr3,
  booktitle = {Implementing Reproducible Computational Research},
  editor = {Victoria Stodden and Friedrich Leisch and Roger D. Peng},
  title = {knitr: A Comprehensive Tool for Reproducible Research in {R}},
  author = {Yihui Xie},
  publisher = {Chapman and Hall/CRC},
  year = {2013},
  note = {ISBN 978-1466561595},
  url = {http://www.crcpress.com/product/isbn/9781466561595},
}
@Manual{base,
  title = {R: A Language and Environment for Statistical Computing},
  author = {{R Core Team}},
  organization = {R Foundation for Statistical Computing},
  address = {Vienna, Austria},
  year = {2013},
  url = {http://www.R-project.org/},
}
@Manual{knitcitations,
  title = {knitcitations: Citations for knitr markdown files},
  author = {Carl Boettiger},
  year = {2013},
  note = {R package version 0.5-0},
  url = {https://github.com/cboettig/knitcitations},
}
@Manual{bibtex,
  title = {bibtex: bibtex parser},
  author = {Romain Francois},
  year = {2013},
  note = {R package version 0.3-6},
  url = {http://CRAN.R-project.org/package=bibtex},
}
@Article{DESeq,
  title = {Differential expression analysis for sequence count data},
  author = {Simon Anders and Wolfgang Huber},
  year = {2010},
  journal = {Genome Biology},
  volume = {11},
  pages = {R106},
  doi = {10.1186/gb-2010-11-10-r106},
  url = {http://genomebiology.com/2010/11/10/R106/},
}
@Book{lattice,
  title = {Lattice: Multivariate Data Visualization with R},
  author = {Deepayan Sarkar},
  publisher = {Springer},
  address = {New York},
  year = {2008},
  note = {ISBN 978-0-387-75968-5},
  url = {http://lmdvr.r-forge.r-project.org},
}
@Manual{locfit,
  title = {locfit: Local Regression, Likelihood and Density Estimation.},
  author = {Catherine Loader},
  year = {2013},
  note = {R package version 1.5-9.1},
  url = {http://CRAN.R-project.org/package=locfit},
}
@Article{Biobase,
  author = {Robert C Gentleman and Vincent J. Carey and Douglas M. Bates and {others}},
  title = {Bioconductor: Open software development for computational biology and bioinformatics},
  journal = {Genome Biology},
  volume = {5},
  year = {2004},
  pages = {R80},
  url = {http://genomebiology.com/2004/5/10/R80},
}
@Manual{BiocGenerics,
  title = {BiocGenerics: Generic functions for Bioconductor},
  author = {The Bioconductor Dev Team},
  note = {R package version 0.6.0},
}
@Manual{knitr1,
  title = {knitr: A general-purpose package for dynamic report generation in R},
  author = {Yihui Xie},
  year = {2013},
  note = {R package version 1.4},
  url = {http://yihui.name/knitr/},
}

@Book{knitr2,
  title = {Dynamic Documents with {R} and knitr},
  author = {Yihui Xie},
  publisher = {Chapman and Hall/CRC},
  year = {2013},
  note = {ISBN 978-1482203530},
  url = {http://yihui.name/knitr/},
}

@InCollection{knitr3,
  booktitle = {Implementing Reproducible Computational Research},
  editor = {Victoria Stodden and Friedrich Leisch and Roger D. Peng},
  title = {knitr: A Comprehensive Tool for Reproducible Research in {R}},
  author = {Yihui Xie},
  publisher = {Chapman and Hall/CRC},
  year = {2013},
  note = {ISBN 978-1466561595},
  url = {http://www.crcpress.com/product/isbn/9781466561595},
}
@Manual{base,
  title = {R: A Language and Environment for Statistical Computing},
  author = {{R Core Team}},
  organization = {R Foundation for Statistical Computing},
  address = {Vienna, Austria},
  year = {2013},
  url = {http://www.R-project.org/},
}
@Manual{knitcitations,
  title = {knitcitations: Citations for knitr markdown files},
  author = {Carl Boettiger},
  year = {2013},
  note = {R package version 0.5-0},
  url = {https://github.com/cboettig/knitcitations},
}
@Manual{bibtex,
  title = {bibtex: bibtex parser},
  author = {Romain Francois},
  year = {2013},
  note = {R package version 0.3-6},
  url = {http://CRAN.R-project.org/package=bibtex},
}
@Article{DESeq,
  title = {Differential expression analysis for sequence count data},
  author = {Simon Anders and Wolfgang Huber},
  year = {2010},
  journal = {Genome Biology},
  volume = {11},
  pages = {R106},
  doi = {10.1186/gb-2010-11-10-r106},
  url = {http://genomebiology.com/2010/11/10/R106/},
}
@Book{lattice,
  title = {Lattice: Multivariate Data Visualization with R},
  author = {Deepayan Sarkar},
  publisher = {Springer},
  address = {New York},
  year = {2008},
  note = {ISBN 978-0-387-75968-5},
  url = {http://lmdvr.r-forge.r-project.org},
}
@Manual{locfit,
  title = {locfit: Local Regression, Likelihood and Density Estimation.},
  author = {Catherine Loader},
  year = {2013},
  note = {R package version 1.5-9.1},
  url = {http://CRAN.R-project.org/package=locfit},
}
@Article{Biobase,
  author = {Robert C Gentleman and Vincent J. Carey and Douglas M. Bates and {others}},
  title = {Bioconductor: Open software development for computational biology and bioinformatics},
  journal = {Genome Biology},
  volume = {5},
  year = {2004},
  pages = {R80},
  url = {http://genomebiology.com/2004/5/10/R80},
}
@Manual{BiocGenerics,
  title = {BiocGenerics: Generic functions for Bioconductor},
  author = {The Bioconductor Dev Team},
  note = {R package version 0.6.0},
}
@Manual{knitr1,
  title = {knitr: A general-purpose package for dynamic report generation in R},
  author = {Yihui Xie},
  year = {2013},
  note = {R package version 1.4},
  url = {http://yihui.name/knitr/},
}

@Book{knitr2,
  title = {Dynamic Documents with {R} and knitr},
  author = {Yihui Xie},
  publisher = {Chapman and Hall/CRC},
  year = {2013},
  note = {ISBN 978-1482203530},
  url = {http://yihui.name/knitr/},
}

@InCollection{knitr3,
  booktitle = {Implementing Reproducible Computational Research},
  editor = {Victoria Stodden and Friedrich Leisch and Roger D. Peng},
  title = {knitr: A Comprehensive Tool for Reproducible Research in {R}},
  author = {Yihui Xie},
  publisher = {Chapman and Hall/CRC},
  year = {2013},
  note = {ISBN 978-1466561595},
  url = {http://www.crcpress.com/product/isbn/9781466561595},
}
@Manual{base,
  title = {R: A Language and Environment for Statistical Computing},
  author = {{R Core Team}},
  organization = {R Foundation for Statistical Computing},
  address = {Vienna, Austria},
  year = {2013},
  url = {http://www.R-project.org/},
}
@Article{biomaRt1,
  title = {Mapping identifiers for the integration of genomic datasets with the R/Bioconductor package biomaRt},
  author = {Steffen Durinck and Paul T. Spellman and Ewan Birney and Wolfgang Huber},
  journal = {Nature Protocols},
  year = {2009},
  volume = {4},
  pages = {1184--1191},
}

@Article{biomaRt2,
  title = {BioMart and Bioconductor: a powerful link between biological databases and microarray data analysis},
  author = {Steffen Durinck and Yves Moreau and Arek Kasprzyk and Sean Davis and Bart {De Moor} and Alvis Brazma and Wolfgang Huber},
  journal = {Bioinformatics},
  year = {2005},
  volume = {21},
  pages = {3439--3440},
}
@Manual{knitcitations,
  title = {knitcitations: Citations for knitr markdown files},
  author = {Carl Boettiger},
  year = {2013},
  note = {R package version 0.5-0},
  url = {https://github.com/cboettig/knitcitations},
}
@Manual{bibtex,
  title = {bibtex: bibtex parser},
  author = {Romain Francois},
  year = {2013},
  note = {R package version 0.3-6},
  url = {http://CRAN.R-project.org/package=bibtex},
}
@Manual{knitr1,
  title = {knitr: A general-purpose package for dynamic report generation in R},
  author = {Yihui Xie},
  year = {2013},
  note = {R package version 1.4},
  url = {http://yihui.name/knitr/},
}

@Book{knitr2,
  title = {Dynamic Documents with {R} and knitr},
  author = {Yihui Xie},
  publisher = {Chapman and Hall/CRC},
  year = {2013},
  note = {ISBN 978-1482203530},
  url = {http://yihui.name/knitr/},
}

@InCollection{knitr3,
  booktitle = {Implementing Reproducible Computational Research},
  editor = {Victoria Stodden and Friedrich Leisch and Roger D. Peng},
  title = {knitr: A Comprehensive Tool for Reproducible Research in {R}},
  author = {Yihui Xie},
  publisher = {Chapman and Hall/CRC},
  year = {2013},
  note = {ISBN 978-1466561595},
  url = {http://www.crcpress.com/product/isbn/9781466561595},
}
@Manual{base,
  title = {R: A Language and Environment for Statistical Computing},
  author = {{R Core Team}},
  organization = {R Foundation for Statistical Computing},
  address = {Vienna, Austria},
  year = {2013},
  url = {http://www.R-project.org/},
}
@Article{biomaRt1,
  title = {Mapping identifiers for the integration of genomic datasets with the R/Bioconductor package biomaRt},
  author = {Steffen Durinck and Paul T. Spellman and Ewan Birney and Wolfgang Huber},
  journal = {Nature Protocols},
  year = {2009},
  volume = {4},
  pages = {1184--1191},
}

@Article{biomaRt2,
  title = {BioMart and Bioconductor: a powerful link between biological databases and microarray data analysis},
  author = {Steffen Durinck and Yves Moreau and Arek Kasprzyk and Sean Davis and Bart {De Moor} and Alvis Brazma and Wolfgang Huber},
  journal = {Bioinformatics},
  year = {2005},
  volume = {21},
  pages = {3439--3440},
}
@Manual{knitcitations,
  title = {knitcitations: Citations for knitr markdown files},
  author = {Carl Boettiger},
  year = {2013},
  note = {R package version 0.5-0},
  url = {https://github.com/cboettig/knitcitations},
}
@Manual{bibtex,
  title = {bibtex: bibtex parser},
  author = {Romain Francois},
  year = {2013},
  note = {R package version 0.3-6},
  url = {http://CRAN.R-project.org/package=bibtex},
}
@Manual{knitr1,
  title = {knitr: A general-purpose package for dynamic report generation in R},
  author = {Yihui Xie},
  year = {2013},
  note = {R package version 1.4},
  url = {http://yihui.name/knitr/},
}

@Book{knitr2,
  title = {Dynamic Documents with {R} and knitr},
  author = {Yihui Xie},
  publisher = {Chapman and Hall/CRC},
  year = {2013},
  note = {ISBN 978-1482203530},
  url = {http://yihui.name/knitr/},
}

@InCollection{knitr3,
  booktitle = {Implementing Reproducible Computational Research},
  editor = {Victoria Stodden and Friedrich Leisch and Roger D. Peng},
  title = {knitr: A Comprehensive Tool for Reproducible Research in {R}},
  author = {Yihui Xie},
  publisher = {Chapman and Hall/CRC},
  year = {2013},
  note = {ISBN 978-1466561595},
  url = {http://www.crcpress.com/product/isbn/9781466561595},
}
@Manual{base,
  title = {R: A Language and Environment for Statistical Computing},
  author = {{R Core Team}},
  organization = {R Foundation for Statistical Computing},
  address = {Vienna, Austria},
  year = {2013},
  url = {http://www.R-project.org/},
}
@Article{biomaRt1,
  title = {Mapping identifiers for the integration of genomic datasets with the R/Bioconductor package biomaRt},
  author = {Steffen Durinck and Paul T. Spellman and Ewan Birney and Wolfgang Huber},
  journal = {Nature Protocols},
  year = {2009},
  volume = {4},
  pages = {1184--1191},
}

@Article{biomaRt2,
  title = {BioMart and Bioconductor: a powerful link between biological databases and microarray data analysis},
  author = {Steffen Durinck and Yves Moreau and Arek Kasprzyk and Sean Davis and Bart {De Moor} and Alvis Brazma and Wolfgang Huber},
  journal = {Bioinformatics},
  year = {2005},
  volume = {21},
  pages = {3439--3440},
}
@Manual{knitcitations,
  title = {knitcitations: Citations for knitr markdown files},
  author = {Carl Boettiger},
  year = {2013},
  note = {R package version 0.5-0},
  url = {https://github.com/cboettig/knitcitations},
}
@Manual{bibtex,
  title = {bibtex: bibtex parser},
  author = {Romain Francois},
  year = {2013},
  note = {R package version 0.3-6},
  url = {http://CRAN.R-project.org/package=bibtex},
}
@Manual{knitr1,
  title = {knitr: A general-purpose package for dynamic report generation in R},
  author = {Yihui Xie},
  year = {2013},
  note = {R package version 1.4},
  url = {http://yihui.name/knitr/},
}

@Book{knitr2,
  title = {Dynamic Documents with {R} and knitr},
  author = {Yihui Xie},
  publisher = {Chapman and Hall/CRC},
  year = {2013},
  note = {ISBN 978-1482203530},
  url = {http://yihui.name/knitr/},
}

@InCollection{knitr3,
  booktitle = {Implementing Reproducible Computational Research},
  editor = {Victoria Stodden and Friedrich Leisch and Roger D. Peng},
  title = {knitr: A Comprehensive Tool for Reproducible Research in {R}},
  author = {Yihui Xie},
  publisher = {Chapman and Hall/CRC},
  year = {2013},
  note = {ISBN 978-1466561595},
  url = {http://www.crcpress.com/product/isbn/9781466561595},
}
@Manual{base,
  title = {R: A Language and Environment for Statistical Computing},
  author = {{R Core Team}},
  organization = {R Foundation for Statistical Computing},
  address = {Vienna, Austria},
  year = {2013},
  url = {http://www.R-project.org/},
}
@Manual{KEGG.db,
  title = {KEGG.db: A set of annotation maps for KEGG},
  author = {Marc Carlson},
  note = {R package version 2.9.1},
}
@Manual{GO.db,
  title = {GO.db: A set of annotation maps describing the entire Gene Ontology},
  author = {Marc Carlson},
  note = {R package version 2.9.0},
}
@Manual{RSQLite,
  title = {RSQLite: SQLite interface for R},
  author = {David A. James and Seth Falcon and  the authors of SQLite},
  year = {2013},
  note = {R package version 0.11.4},
  url = {http://CRAN.R-project.org/package=RSQLite},
}
@Manual{DBI,
  title = {DBI: R Database Interface},
  author = {R Special Interest Group on Databases},
  year = {2013},
  note = {R package version 0.2-7},
  url = {http://CRAN.R-project.org/package=DBI},
}
@Manual{AnnotationDbi,
  title = {AnnotationDbi: Annotation Database Interface},
  author = {Herve Pages and Marc Carlson and Seth Falcon and Nianhua Li},
  note = {R package version 1.22.6},
}
@Article{Biobase,
  author = {Robert C Gentleman and Vincent J. Carey and Douglas M. Bates and {others}},
  title = {Bioconductor: Open software development for computational biology and bioinformatics},
  journal = {Genome Biology},
  volume = {5},
  year = {2004},
  pages = {R80},
  url = {http://genomebiology.com/2004/5/10/R80},
}
@Manual{BiocGenerics,
  title = {BiocGenerics: Generic functions for Bioconductor},
  author = {The Bioconductor Dev Team},
  note = {R package version 0.6.0},
}
@Article{goseq,
  title = {Gene ontology analysis for RNA-seq: accounting for selection bias},
  author = {Matthew D Young and Matthew J Wakefield and Gordon K Smyth and Alicia Oshlack},
  journal = {Genome Biology},
  volume = {11},
  pages = {R14},
  year = {2010},
}
@Manual{geneLenDataBase,
  title = {geneLenDataBase: Lengths of mRNA transcripts for a number of genomes},
  author = {Matthew Young},
  year = {2010},
  note = {R package version 0.99.11},
}
@Manual{BiasedUrn,
  title = {BiasedUrn: Biased Urn model distributions},
  author = {Agner Fog},
  year = {2013},
  note = {R package version 1.05},
  url = {http://CRAN.R-project.org/package=BiasedUrn},
}
@Manual{knitcitations,
  title = {knitcitations: Citations for knitr markdown files},
  author = {Carl Boettiger},
  year = {2013},
  note = {R package version 0.5-0},
  url = {https://github.com/cboettig/knitcitations},
}
@Manual{bibtex,
  title = {bibtex: bibtex parser},
  author = {Romain Francois},
  year = {2013},
  note = {R package version 0.3-6},
  url = {http://CRAN.R-project.org/package=bibtex},
}
@Manual{knitr1,
  title = {knitr: A general-purpose package for dynamic report generation in R},
  author = {Yihui Xie},
  year = {2013},
  note = {R package version 1.4},
  url = {http://yihui.name/knitr/},
}

@Book{knitr2,
  title = {Dynamic Documents with {R} and knitr},
  author = {Yihui Xie},
  publisher = {Chapman and Hall/CRC},
  year = {2013},
  note = {ISBN 978-1482203530},
  url = {http://yihui.name/knitr/},
}

@InCollection{knitr3,
  booktitle = {Implementing Reproducible Computational Research},
  editor = {Victoria Stodden and Friedrich Leisch and Roger D. Peng},
  title = {knitr: A Comprehensive Tool for Reproducible Research in {R}},
  author = {Yihui Xie},
  publisher = {Chapman and Hall/CRC},
  year = {2013},
  note = {ISBN 978-1466561595},
  url = {http://www.crcpress.com/product/isbn/9781466561595},
}
@Manual{base,
  title = {R: A Language and Environment for Statistical Computing},
  author = {{R Core Team}},
  organization = {R Foundation for Statistical Computing},
  address = {Vienna, Austria},
  year = {2013},
  url = {http://www.R-project.org/},
}
@Manual{KEGG.db,
  title = {KEGG.db: A set of annotation maps for KEGG},
  author = {Marc Carlson},
  note = {R package version 2.9.1},
}
@Manual{GO.db,
  title = {GO.db: A set of annotation maps describing the entire Gene Ontology},
  author = {Marc Carlson},
  note = {R package version 2.9.0},
}
@Manual{RSQLite,
  title = {RSQLite: SQLite interface for R},
  author = {David A. James and Seth Falcon and  the authors of SQLite},
  year = {2013},
  note = {R package version 0.11.4},
  url = {http://CRAN.R-project.org/package=RSQLite},
}
@Manual{DBI,
  title = {DBI: R Database Interface},
  author = {R Special Interest Group on Databases},
  year = {2013},
  note = {R package version 0.2-7},
  url = {http://CRAN.R-project.org/package=DBI},
}
@Manual{AnnotationDbi,
  title = {AnnotationDbi: Annotation Database Interface},
  author = {Herve Pages and Marc Carlson and Seth Falcon and Nianhua Li},
  note = {R package version 1.22.6},
}
@Article{Biobase,
  author = {Robert C Gentleman and Vincent J. Carey and Douglas M. Bates and {others}},
  title = {Bioconductor: Open software development for computational biology and bioinformatics},
  journal = {Genome Biology},
  volume = {5},
  year = {2004},
  pages = {R80},
  url = {http://genomebiology.com/2004/5/10/R80},
}
@Manual{BiocGenerics,
  title = {BiocGenerics: Generic functions for Bioconductor},
  author = {The Bioconductor Dev Team},
  note = {R package version 0.6.0},
}
@Article{goseq,
  title = {Gene ontology analysis for RNA-seq: accounting for selection bias},
  author = {Matthew D Young and Matthew J Wakefield and Gordon K Smyth and Alicia Oshlack},
  journal = {Genome Biology},
  volume = {11},
  pages = {R14},
  year = {2010},
}
@Manual{geneLenDataBase,
  title = {geneLenDataBase: Lengths of mRNA transcripts for a number of genomes},
  author = {Matthew Young},
  year = {2010},
  note = {R package version 0.99.11},
}
@Manual{BiasedUrn,
  title = {BiasedUrn: Biased Urn model distributions},
  author = {Agner Fog},
  year = {2013},
  note = {R package version 1.05},
  url = {http://CRAN.R-project.org/package=BiasedUrn},
}
@Manual{knitcitations,
  title = {knitcitations: Citations for knitr markdown files},
  author = {Carl Boettiger},
  year = {2013},
  note = {R package version 0.5-0},
  url = {https://github.com/cboettig/knitcitations},
}
@Manual{bibtex,
  title = {bibtex: bibtex parser},
  author = {Romain Francois},
  year = {2013},
  note = {R package version 0.3-6},
  url = {http://CRAN.R-project.org/package=bibtex},
}
@Manual{knitr1,
  title = {knitr: A general-purpose package for dynamic report generation in R},
  author = {Yihui Xie},
  year = {2013},
  note = {R package version 1.4},
  url = {http://yihui.name/knitr/},
}

@Book{knitr2,
  title = {Dynamic Documents with {R} and knitr},
  author = {Yihui Xie},
  publisher = {Chapman and Hall/CRC},
  year = {2013},
  note = {ISBN 978-1482203530},
  url = {http://yihui.name/knitr/},
}

@InCollection{knitr3,
  booktitle = {Implementing Reproducible Computational Research},
  editor = {Victoria Stodden and Friedrich Leisch and Roger D. Peng},
  title = {knitr: A Comprehensive Tool for Reproducible Research in {R}},
  author = {Yihui Xie},
  publisher = {Chapman and Hall/CRC},
  year = {2013},
  note = {ISBN 978-1466561595},
  url = {http://www.crcpress.com/product/isbn/9781466561595},
}
@Manual{base,
  title = {R: A Language and Environment for Statistical Computing},
  author = {{R Core Team}},
  organization = {R Foundation for Statistical Computing},
  address = {Vienna, Austria},
  year = {2013},
  url = {http://www.R-project.org/},
}
@Manual{KEGG.db,
  title = {KEGG.db: A set of annotation maps for KEGG},
  author = {Marc Carlson},
  note = {R package version 2.9.1},
}
@Manual{GO.db,
  title = {GO.db: A set of annotation maps describing the entire Gene Ontology},
  author = {Marc Carlson},
  note = {R package version 2.9.0},
}
@Manual{RSQLite,
  title = {RSQLite: SQLite interface for R},
  author = {David A. James and Seth Falcon and  the authors of SQLite},
  year = {2013},
  note = {R package version 0.11.4},
  url = {http://CRAN.R-project.org/package=RSQLite},
}
@Manual{DBI,
  title = {DBI: R Database Interface},
  author = {R Special Interest Group on Databases},
  year = {2013},
  note = {R package version 0.2-7},
  url = {http://CRAN.R-project.org/package=DBI},
}
@Manual{AnnotationDbi,
  title = {AnnotationDbi: Annotation Database Interface},
  author = {Herve Pages and Marc Carlson and Seth Falcon and Nianhua Li},
  note = {R package version 1.22.6},
}
@Article{Biobase,
  author = {Robert C Gentleman and Vincent J. Carey and Douglas M. Bates and {others}},
  title = {Bioconductor: Open software development for computational biology and bioinformatics},
  journal = {Genome Biology},
  volume = {5},
  year = {2004},
  pages = {R80},
  url = {http://genomebiology.com/2004/5/10/R80},
}
@Manual{BiocGenerics,
  title = {BiocGenerics: Generic functions for Bioconductor},
  author = {The Bioconductor Dev Team},
  note = {R package version 0.6.0},
}
@Article{goseq,
  title = {Gene ontology analysis for RNA-seq: accounting for selection bias},
  author = {Matthew D Young and Matthew J Wakefield and Gordon K Smyth and Alicia Oshlack},
  journal = {Genome Biology},
  volume = {11},
  pages = {R14},
  year = {2010},
}
@Manual{geneLenDataBase,
  title = {geneLenDataBase: Lengths of mRNA transcripts for a number of genomes},
  author = {Matthew Young},
  year = {2010},
  note = {R package version 0.99.11},
}
@Manual{BiasedUrn,
  title = {BiasedUrn: Biased Urn model distributions},
  author = {Agner Fog},
  year = {2013},
  note = {R package version 1.05},
  url = {http://CRAN.R-project.org/package=BiasedUrn},
}
@Manual{knitcitations,
  title = {knitcitations: Citations for knitr markdown files},
  author = {Carl Boettiger},
  year = {2013},
  note = {R package version 0.5-0},
  url = {https://github.com/cboettig/knitcitations},
}
@Manual{bibtex,
  title = {bibtex: bibtex parser},
  author = {Romain Francois},
  year = {2013},
  note = {R package version 0.3-6},
  url = {http://CRAN.R-project.org/package=bibtex},
}
@Manual{knitr1,
  title = {knitr: A general-purpose package for dynamic report generation in R},
  author = {Yihui Xie},
  year = {2013},
  note = {R package version 1.4},
  url = {http://yihui.name/knitr/},
}

@Book{knitr2,
  title = {Dynamic Documents with {R} and knitr},
  author = {Yihui Xie},
  publisher = {Chapman and Hall/CRC},
  year = {2013},
  note = {ISBN 978-1482203530},
  url = {http://yihui.name/knitr/},
}

@InCollection{knitr3,
  booktitle = {Implementing Reproducible Computational Research},
  editor = {Victoria Stodden and Friedrich Leisch and Roger D. Peng},
  title = {knitr: A Comprehensive Tool for Reproducible Research in {R}},
  author = {Yihui Xie},
  publisher = {Chapman and Hall/CRC},
  year = {2013},
  note = {ISBN 978-1466561595},
  url = {http://www.crcpress.com/product/isbn/9781466561595},
}
@Manual{base,
  title = {R: A Language and Environment for Statistical Computing},
  author = {{R Core Team}},
  organization = {R Foundation for Statistical Computing},
  address = {Vienna, Austria},
  year = {2013},
  url = {http://www.R-project.org/},
}
@Manual{KEGG.db,
  title = {KEGG.db: A set of annotation maps for KEGG},
  author = {Marc Carlson},
  note = {R package version 2.9.1},
}
@Manual{GO.db,
  title = {GO.db: A set of annotation maps describing the entire Gene Ontology},
  author = {Marc Carlson},
  note = {R package version 2.9.0},
}
@Manual{RSQLite,
  title = {RSQLite: SQLite interface for R},
  author = {David A. James and Seth Falcon and  the authors of SQLite},
  year = {2013},
  note = {R package version 0.11.4},
  url = {http://CRAN.R-project.org/package=RSQLite},
}
@Manual{DBI,
  title = {DBI: R Database Interface},
  author = {R Special Interest Group on Databases},
  year = {2013},
  note = {R package version 0.2-7},
  url = {http://CRAN.R-project.org/package=DBI},
}
@Manual{AnnotationDbi,
  title = {AnnotationDbi: Annotation Database Interface},
  author = {Herve Pages and Marc Carlson and Seth Falcon and Nianhua Li},
  note = {R package version 1.22.6},
}
@Article{goseq,
  title = {Gene ontology analysis for RNA-seq: accounting for selection bias},
  author = {Matthew D Young and Matthew J Wakefield and Gordon K Smyth and Alicia Oshlack},
  journal = {Genome Biology},
  volume = {11},
  pages = {R14},
  year = {2010},
}
@Manual{geneLenDataBase,
  title = {geneLenDataBase: Lengths of mRNA transcripts for a number of genomes},
  author = {Matthew Young},
  year = {2010},
  note = {R package version 0.99.11},
}
@Manual{BiasedUrn,
  title = {BiasedUrn: Biased Urn model distributions},
  author = {Agner Fog},
  year = {2013},
  note = {R package version 1.05},
  url = {http://CRAN.R-project.org/package=BiasedUrn},
}
@Article{biomaRt1,
  title = {Mapping identifiers for the integration of genomic datasets with the R/Bioconductor package biomaRt},
  author = {Steffen Durinck and Paul T. Spellman and Ewan Birney and Wolfgang Huber},
  journal = {Nature Protocols},
  year = {2009},
  volume = {4},
  pages = {1184--1191},
}

@Article{biomaRt2,
  title = {BioMart and Bioconductor: a powerful link between biological databases and microarray data analysis},
  author = {Steffen Durinck and Yves Moreau and Arek Kasprzyk and Sean Davis and Bart {De Moor} and Alvis Brazma and Wolfgang Huber},
  journal = {Bioinformatics},
  year = {2005},
  volume = {21},
  pages = {3439--3440},
}
@Manual{knitcitations,
  title = {knitcitations: Citations for knitr markdown files},
  author = {Carl Boettiger},
  year = {2013},
  note = {R package version 0.5-0},
  url = {https://github.com/cboettig/knitcitations},
}
@Manual{devtools,
  title = {devtools: Tools to make developing R code easier},
  author = {Hadley Wickham and Winston Chang},
  year = {2013},
  note = {R package version 1.3},
  url = {http://CRAN.R-project.org/package=devtools},
}
@Manual{bibtex,
  title = {bibtex: bibtex parser},
  author = {Romain Francois},
  year = {2013},
  note = {R package version 0.3-6},
  url = {http://CRAN.R-project.org/package=bibtex},
}
@Manual{knitr1,
  title = {knitr: A general-purpose package for dynamic report generation in R},
  author = {Yihui Xie},
  year = {2013},
  note = {R package version 1.4},
  url = {http://yihui.name/knitr/},
}

@Book{knitr2,
  title = {Dynamic Documents with {R} and knitr},
  author = {Yihui Xie},
  publisher = {Chapman and Hall/CRC},
  year = {2013},
  note = {ISBN 978-1482203530},
  url = {http://yihui.name/knitr/},
}

@InCollection{knitr3,
  booktitle = {Implementing Reproducible Computational Research},
  editor = {Victoria Stodden and Friedrich Leisch and Roger D. Peng},
  title = {knitr: A Comprehensive Tool for Reproducible Research in {R}},
  author = {Yihui Xie},
  publisher = {Chapman and Hall/CRC},
  year = {2013},
  note = {ISBN 978-1466561595},
  url = {http://www.crcpress.com/product/isbn/9781466561595},
}
@Article{DESeq,
  title = {Differential expression analysis for sequence count data},
  author = {Simon Anders and Wolfgang Huber},
  year = {2010},
  journal = {Genome Biology},
  volume = {11},
  pages = {R106},
  doi = {10.1186/gb-2010-11-10-r106},
  url = {http://genomebiology.com/2010/11/10/R106/},
}
@Book{lattice,
  title = {Lattice: Multivariate Data Visualization with R},
  author = {Deepayan Sarkar},
  publisher = {Springer},
  address = {New York},
  year = {2008},
  note = {ISBN 978-0-387-75968-5},
  url = {http://lmdvr.r-forge.r-project.org},
}
@Manual{locfit,
  title = {locfit: Local Regression, Likelihood and Density Estimation.},
  author = {Catherine Loader},
  year = {2013},
  note = {R package version 1.5-9.1},
  url = {http://CRAN.R-project.org/package=locfit},
}
@Article{Biobase,
  author = {Robert C Gentleman and Vincent J. Carey and Douglas M. Bates and {others}},
  title = {Bioconductor: Open software development for computational biology and bioinformatics},
  journal = {Genome Biology},
  volume = {5},
  year = {2004},
  pages = {R80},
  url = {http://genomebiology.com/2004/5/10/R80},
}
@Manual{BiocGenerics,
  title = {BiocGenerics: Generic functions for Bioconductor},
  author = {The Bioconductor Dev Team},
  note = {R package version 0.6.0},
}
@Manual{base,
  title = {R: A Language and Environment for Statistical Computing},
  author = {{R Core Team}},
  organization = {R Foundation for Statistical Computing},
  address = {Vienna, Austria},
  year = {2013},
  url = {http://www.R-project.org/},
}
@Manual{KEGG.db,
  title = {KEGG.db: A set of annotation maps for KEGG},
  author = {Marc Carlson},
  note = {R package version 2.9.1},
}
@Manual{GO.db,
  title = {GO.db: A set of annotation maps describing the entire Gene Ontology},
  author = {Marc Carlson},
  note = {R package version 2.9.0},
}
@Manual{RSQLite,
  title = {RSQLite: SQLite interface for R},
  author = {David A. James and Seth Falcon and  the authors of SQLite},
  year = {2013},
  note = {R package version 0.11.4},
  url = {http://CRAN.R-project.org/package=RSQLite},
}
@Manual{DBI,
  title = {DBI: R Database Interface},
  author = {R Special Interest Group on Databases},
  year = {2013},
  note = {R package version 0.2-7},
  url = {http://CRAN.R-project.org/package=DBI},
}
@Manual{AnnotationDbi,
  title = {AnnotationDbi: Annotation Database Interface},
  author = {Herve Pages and Marc Carlson and Seth Falcon and Nianhua Li},
  note = {R package version 1.22.6},
}
@Article{Biobase,
  author = {Robert C Gentleman and Vincent J. Carey and Douglas M. Bates and {others}},
  title = {Bioconductor: Open software development for computational biology and bioinformatics},
  journal = {Genome Biology},
  volume = {5},
  year = {2004},
  pages = {R80},
  url = {http://genomebiology.com/2004/5/10/R80},
}
@Manual{BiocGenerics,
  title = {BiocGenerics: Generic functions for Bioconductor},
  author = {The Bioconductor Dev Team},
  note = {R package version 0.6.0},
}
@Article{goseq,
  title = {Gene ontology analysis for RNA-seq: accounting for selection bias},
  author = {Matthew D Young and Matthew J Wakefield and Gordon K Smyth and Alicia Oshlack},
  journal = {Genome Biology},
  volume = {11},
  pages = {R14},
  year = {2010},
}
@Manual{geneLenDataBase,
  title = {geneLenDataBase: Lengths of mRNA transcripts for a number of genomes},
  author = {Matthew Young},
  year = {2010},
  note = {R package version 0.99.11},
}
@Manual{BiasedUrn,
  title = {BiasedUrn: Biased Urn model distributions},
  author = {Agner Fog},
  year = {2013},
  note = {R package version 1.05},
  url = {http://CRAN.R-project.org/package=BiasedUrn},
}
@Manual{knitcitations,
  title = {knitcitations: Citations for knitr markdown files},
  author = {Carl Boettiger},
  year = {2013},
  note = {R package version 0.5-0},
  url = {https://github.com/cboettig/knitcitations},
}
@Manual{bibtex,
  title = {bibtex: bibtex parser},
  author = {Romain Francois},
  year = {2013},
  note = {R package version 0.3-6},
  url = {http://CRAN.R-project.org/package=bibtex},
}
@Manual{knitr1,
  title = {knitr: A general-purpose package for dynamic report generation in R},
  author = {Yihui Xie},
  year = {2013},
  note = {R package version 1.4},
  url = {http://yihui.name/knitr/},
}

@Book{knitr2,
  title = {Dynamic Documents with {R} and knitr},
  author = {Yihui Xie},
  publisher = {Chapman and Hall/CRC},
  year = {2013},
  note = {ISBN 978-1482203530},
  url = {http://yihui.name/knitr/},
}

@InCollection{knitr3,
  booktitle = {Implementing Reproducible Computational Research},
  editor = {Victoria Stodden and Friedrich Leisch and Roger D. Peng},
  title = {knitr: A Comprehensive Tool for Reproducible Research in {R}},
  author = {Yihui Xie},
  publisher = {Chapman and Hall/CRC},
  year = {2013},
  note = {ISBN 978-1466561595},
  url = {http://www.crcpress.com/product/isbn/9781466561595},
}
@Manual{base,
  title = {R: A Language and Environment for Statistical Computing},
  author = {{R Core Team}},
  organization = {R Foundation for Statistical Computing},
  address = {Vienna, Austria},
  year = {2013},
  url = {http://www.R-project.org/},
}
@Manual{KEGG.db,
  title = {KEGG.db: A set of annotation maps for KEGG},
  author = {Marc Carlson},
  note = {R package version 2.9.1},
}
@Manual{GO.db,
  title = {GO.db: A set of annotation maps describing the entire Gene Ontology},
  author = {Marc Carlson},
  note = {R package version 2.9.0},
}
@Manual{RSQLite,
  title = {RSQLite: SQLite interface for R},
  author = {David A. James and Seth Falcon and  the authors of SQLite},
  year = {2013},
  note = {R package version 0.11.4},
  url = {http://CRAN.R-project.org/package=RSQLite},
}
@Manual{DBI,
  title = {DBI: R Database Interface},
  author = {R Special Interest Group on Databases},
  year = {2013},
  note = {R package version 0.2-7},
  url = {http://CRAN.R-project.org/package=DBI},
}
@Manual{AnnotationDbi,
  title = {AnnotationDbi: Annotation Database Interface},
  author = {Herve Pages and Marc Carlson and Seth Falcon and Nianhua Li},
  note = {R package version 1.22.6},
}
@Article{Biobase,
  author = {Robert C Gentleman and Vincent J. Carey and Douglas M. Bates and {others}},
  title = {Bioconductor: Open software development for computational biology and bioinformatics},
  journal = {Genome Biology},
  volume = {5},
  year = {2004},
  pages = {R80},
  url = {http://genomebiology.com/2004/5/10/R80},
}
@Manual{BiocGenerics,
  title = {BiocGenerics: Generic functions for Bioconductor},
  author = {The Bioconductor Dev Team},
  note = {R package version 0.6.0},
}
@Article{goseq,
  title = {Gene ontology analysis for RNA-seq: accounting for selection bias},
  author = {Matthew D Young and Matthew J Wakefield and Gordon K Smyth and Alicia Oshlack},
  journal = {Genome Biology},
  volume = {11},
  pages = {R14},
  year = {2010},
}
@Manual{geneLenDataBase,
  title = {geneLenDataBase: Lengths of mRNA transcripts for a number of genomes},
  author = {Matthew Young},
  year = {2010},
  note = {R package version 0.99.11},
}
@Manual{BiasedUrn,
  title = {BiasedUrn: Biased Urn model distributions},
  author = {Agner Fog},
  year = {2013},
  note = {R package version 1.05},
  url = {http://CRAN.R-project.org/package=BiasedUrn},
}
@Manual{knitcitations,
  title = {knitcitations: Citations for knitr markdown files},
  author = {Carl Boettiger},
  year = {2013},
  note = {R package version 0.5-0},
  url = {https://github.com/cboettig/knitcitations},
}
@Manual{bibtex,
  title = {bibtex: bibtex parser},
  author = {Romain Francois},
  year = {2013},
  note = {R package version 0.3-6},
  url = {http://CRAN.R-project.org/package=bibtex},
}
@Manual{knitr1,
  title = {knitr: A general-purpose package for dynamic report generation in R},
  author = {Yihui Xie},
  year = {2013},
  note = {R package version 1.4},
  url = {http://yihui.name/knitr/},
}

@Book{knitr2,
  title = {Dynamic Documents with {R} and knitr},
  author = {Yihui Xie},
  publisher = {Chapman and Hall/CRC},
  year = {2013},
  note = {ISBN 978-1482203530},
  url = {http://yihui.name/knitr/},
}

@InCollection{knitr3,
  booktitle = {Implementing Reproducible Computational Research},
  editor = {Victoria Stodden and Friedrich Leisch and Roger D. Peng},
  title = {knitr: A Comprehensive Tool for Reproducible Research in {R}},
  author = {Yihui Xie},
  publisher = {Chapman and Hall/CRC},
  year = {2013},
  note = {ISBN 978-1466561595},
  url = {http://www.crcpress.com/product/isbn/9781466561595},
}
@Manual{base,
  title = {R: A Language and Environment for Statistical Computing},
  author = {{R Core Team}},
  organization = {R Foundation for Statistical Computing},
  address = {Vienna, Austria},
  year = {2013},
  url = {http://www.R-project.org/},
}
@Manual{RColorBrewer,
  title = {RColorBrewer: ColorBrewer palettes},
  author = {Erich Neuwirth},
  year = {2011},
  note = {R package version 1.0-5},
  url = {http://CRAN.R-project.org/package=RColorBrewer},
}
@Manual{gplots,
  title = {gplots: Various R programming tools for plotting data},
  author = {Gregory R. Warnes and Ben Bolker and Lodewijk Bonebakker and Robert Gentleman and Wolfgang Huber Andy Liaw and Thomas Lumley and Martin Maechler and Arni Magnusson and Steffen Moeller and Marc Schwartz and Bill Venables},
  year = {2013},
  note = {R package version 2.11.3},
  url = {http://CRAN.R-project.org/package=gplots},
}
@Book{MASS,
  title = {Modern Applied Statistics with S},
  author = {W. N. Venables and B. D. Ripley},
  publisher = {Springer},
  edition = {Fourth},
  address = {New York},
  year = {2002},
  note = {ISBN 0-387-95457-0},
  url = {http://www.stats.ox.ac.uk/pub/MASS4},
}
@Manual{KernSmooth,
  title = {KernSmooth: Functions for kernel smoothing for Wand & Jones (1995)},
  author = {Matt Wand},
  year = {2013},
  note = {R package version 2.23-10},
  url = {http://CRAN.R-project.org/package=KernSmooth},
}
@Manual{caTools,
  title = {caTools: Tools: moving window statistics, GIF, Base64, ROC AUC, etc.},
  author = {Jarek Tuszynski},
  year = {2012},
  note = {R package version 1.14},
  url = {http://CRAN.R-project.org/package=caTools},
}
@Manual{gdata,
  title = {gdata: Various R programming tools for data manipulation},
  author = {Gregory R. Warnes and Ben Bolker and Gregor Gorjanc and Gabor Grothendieck and Ales Korosec and Thomas Lumley and Don MacQueen and Arni Magnusson and Jim Rogers and {others}},
  year = {2013},
  note = {R package version 2.13.2},
  url = {http://CRAN.R-project.org/package=gdata},
}
@Manual{gtools,
  title = {gtools: Various R programming tools},
  author = {Gregory R. Warnes and Ben Bolker and Thomas Lumley},
  year = {2013},
  note = {R package version 3.0.0},
  url = {http://CRAN.R-project.org/package=gtools},
}
@Manual{pvclust,
  title = {pvclust: Hierarchical Clustering with P-Values via Multiscale Bootstrap
Resampling},
  author = {Ryota Suzuki and Hidetoshi Shimodaira},
  year = {2011},
  note = {R package version 1.2-2},
  url = {http://CRAN.R-project.org/package=pvclust},
}
@Manual{knitcitations,
  title = {knitcitations: Citations for knitr markdown files},
  author = {Carl Boettiger},
  year = {2013},
  note = {R package version 0.5-0},
  url = {https://github.com/cboettig/knitcitations},
}
@Manual{bibtex,
  title = {bibtex: bibtex parser},
  author = {Romain Francois},
  year = {2013},
  note = {R package version 0.3-6},
  url = {http://CRAN.R-project.org/package=bibtex},
}
@Manual{devtools,
  title = {devtools: Tools to make developing R code easier},
  author = {Hadley Wickham and Winston Chang},
  year = {2013},
  note = {R package version 1.3},
  url = {http://CRAN.R-project.org/package=devtools},
}
@Manual{knitr1,
  title = {knitr: A general-purpose package for dynamic report generation in R},
  author = {Yihui Xie},
  year = {2013},
  note = {R package version 1.4},
  url = {http://yihui.name/knitr/},
}

@Book{knitr2,
  title = {Dynamic Documents with {R} and knitr},
  author = {Yihui Xie},
  publisher = {Chapman and Hall/CRC},
  year = {2013},
  note = {ISBN 978-1482203530},
  url = {http://yihui.name/knitr/},
}

@InCollection{knitr3,
  booktitle = {Implementing Reproducible Computational Research},
  editor = {Victoria Stodden and Friedrich Leisch and Roger D. Peng},
  title = {knitr: A Comprehensive Tool for Reproducible Research in {R}},
  author = {Yihui Xie},
  publisher = {Chapman and Hall/CRC},
  year = {2013},
  note = {ISBN 978-1466561595},
  url = {http://www.crcpress.com/product/isbn/9781466561595},
}
@Manual{base,
  title = {R: A Language and Environment for Statistical Computing},
  author = {{R Core Team}},
  organization = {R Foundation for Statistical Computing},
  address = {Vienna, Austria},
  year = {2013},
  url = {http://www.R-project.org/},
}
@Manual{RColorBrewer,
  title = {RColorBrewer: ColorBrewer palettes},
  author = {Erich Neuwirth},
  year = {2011},
  note = {R package version 1.0-5},
  url = {http://CRAN.R-project.org/package=RColorBrewer},
}
@Manual{gplots,
  title = {gplots: Various R programming tools for plotting data},
  author = {Gregory R. Warnes and Ben Bolker and Lodewijk Bonebakker and Robert Gentleman and Wolfgang Huber Andy Liaw and Thomas Lumley and Martin Maechler and Arni Magnusson and Steffen Moeller and Marc Schwartz and Bill Venables},
  year = {2013},
  note = {R package version 2.11.3},
  url = {http://CRAN.R-project.org/package=gplots},
}
@Book{MASS,
  title = {Modern Applied Statistics with S},
  author = {W. N. Venables and B. D. Ripley},
  publisher = {Springer},
  edition = {Fourth},
  address = {New York},
  year = {2002},
  note = {ISBN 0-387-95457-0},
  url = {http://www.stats.ox.ac.uk/pub/MASS4},
}
@Manual{KernSmooth,
  title = {KernSmooth: Functions for kernel smoothing for Wand & Jones (1995)},
  author = {Matt Wand},
  year = {2013},
  note = {R package version 2.23-10},
  url = {http://CRAN.R-project.org/package=KernSmooth},
}
@Manual{caTools,
  title = {caTools: Tools: moving window statistics, GIF, Base64, ROC AUC, etc.},
  author = {Jarek Tuszynski},
  year = {2012},
  note = {R package version 1.14},
  url = {http://CRAN.R-project.org/package=caTools},
}
@Manual{gdata,
  title = {gdata: Various R programming tools for data manipulation},
  author = {Gregory R. Warnes and Ben Bolker and Gregor Gorjanc and Gabor Grothendieck and Ales Korosec and Thomas Lumley and Don MacQueen and Arni Magnusson and Jim Rogers and {others}},
  year = {2013},
  note = {R package version 2.13.2},
  url = {http://CRAN.R-project.org/package=gdata},
}
@Manual{gtools,
  title = {gtools: Various R programming tools},
  author = {Gregory R. Warnes and Ben Bolker and Thomas Lumley},
  year = {2013},
  note = {R package version 3.0.0},
  url = {http://CRAN.R-project.org/package=gtools},
}
@Manual{pvclust,
  title = {pvclust: Hierarchical Clustering with P-Values via Multiscale Bootstrap
Resampling},
  author = {Ryota Suzuki and Hidetoshi Shimodaira},
  year = {2011},
  note = {R package version 1.2-2},
  url = {http://CRAN.R-project.org/package=pvclust},
}
@Manual{knitcitations,
  title = {knitcitations: Citations for knitr markdown files},
  author = {Carl Boettiger},
  year = {2013},
  note = {R package version 0.5-0},
  url = {https://github.com/cboettig/knitcitations},
}
@Manual{bibtex,
  title = {bibtex: bibtex parser},
  author = {Romain Francois},
  year = {2013},
  note = {R package version 0.3-6},
  url = {http://CRAN.R-project.org/package=bibtex},
}
@Manual{devtools,
  title = {devtools: Tools to make developing R code easier},
  author = {Hadley Wickham and Winston Chang},
  year = {2013},
  note = {R package version 1.3},
  url = {http://CRAN.R-project.org/package=devtools},
}
@Manual{knitr1,
  title = {knitr: A general-purpose package for dynamic report generation in R},
  author = {Yihui Xie},
  year = {2013},
  note = {R package version 1.4},
  url = {http://yihui.name/knitr/},
}

@Book{knitr2,
  title = {Dynamic Documents with {R} and knitr},
  author = {Yihui Xie},
  publisher = {Chapman and Hall/CRC},
  year = {2013},
  note = {ISBN 978-1482203530},
  url = {http://yihui.name/knitr/},
}

@InCollection{knitr3,
  booktitle = {Implementing Reproducible Computational Research},
  editor = {Victoria Stodden and Friedrich Leisch and Roger D. Peng},
  title = {knitr: A Comprehensive Tool for Reproducible Research in {R}},
  author = {Yihui Xie},
  publisher = {Chapman and Hall/CRC},
  year = {2013},
  note = {ISBN 978-1466561595},
  url = {http://www.crcpress.com/product/isbn/9781466561595},
}
@Manual{base,
  title = {R: A Language and Environment for Statistical Computing},
  author = {{R Core Team}},
  organization = {R Foundation for Statistical Computing},
  address = {Vienna, Austria},
  year = {2013},
  url = {http://www.R-project.org/},
}
@Manual{RColorBrewer,
  title = {RColorBrewer: ColorBrewer palettes},
  author = {Erich Neuwirth},
  year = {2011},
  note = {R package version 1.0-5},
  url = {http://CRAN.R-project.org/package=RColorBrewer},
}
@Manual{gplots,
  title = {gplots: Various R programming tools for plotting data},
  author = {Gregory R. Warnes and Ben Bolker and Lodewijk Bonebakker and Robert Gentleman and Wolfgang Huber Andy Liaw and Thomas Lumley and Martin Maechler and Arni Magnusson and Steffen Moeller and Marc Schwartz and Bill Venables},
  year = {2013},
  note = {R package version 2.11.3},
  url = {http://CRAN.R-project.org/package=gplots},
}
@Book{MASS,
  title = {Modern Applied Statistics with S},
  author = {W. N. Venables and B. D. Ripley},
  publisher = {Springer},
  edition = {Fourth},
  address = {New York},
  year = {2002},
  note = {ISBN 0-387-95457-0},
  url = {http://www.stats.ox.ac.uk/pub/MASS4},
}
@Manual{KernSmooth,
  title = {KernSmooth: Functions for kernel smoothing for Wand & Jones (1995)},
  author = {Matt Wand},
  year = {2013},
  note = {R package version 2.23-10},
  url = {http://CRAN.R-project.org/package=KernSmooth},
}
@Manual{caTools,
  title = {caTools: Tools: moving window statistics, GIF, Base64, ROC AUC, etc.},
  author = {Jarek Tuszynski},
  year = {2012},
  note = {R package version 1.14},
  url = {http://CRAN.R-project.org/package=caTools},
}
@Manual{gdata,
  title = {gdata: Various R programming tools for data manipulation},
  author = {Gregory R. Warnes and Ben Bolker and Gregor Gorjanc and Gabor Grothendieck and Ales Korosec and Thomas Lumley and Don MacQueen and Arni Magnusson and Jim Rogers and {others}},
  year = {2013},
  note = {R package version 2.13.2},
  url = {http://CRAN.R-project.org/package=gdata},
}
@Manual{gtools,
  title = {gtools: Various R programming tools},
  author = {Gregory R. Warnes and Ben Bolker and Thomas Lumley},
  year = {2013},
  note = {R package version 3.0.0},
  url = {http://CRAN.R-project.org/package=gtools},
}
@Manual{pvclust,
  title = {pvclust: Hierarchical Clustering with P-Values via Multiscale Bootstrap
Resampling},
  author = {Ryota Suzuki and Hidetoshi Shimodaira},
  year = {2011},
  note = {R package version 1.2-2},
  url = {http://CRAN.R-project.org/package=pvclust},
}
@Manual{knitcitations,
  title = {knitcitations: Citations for knitr markdown files},
  author = {Carl Boettiger},
  year = {2013},
  note = {R package version 0.5-0},
  url = {https://github.com/cboettig/knitcitations},
}
@Manual{bibtex,
  title = {bibtex: bibtex parser},
  author = {Romain Francois},
  year = {2013},
  note = {R package version 0.3-6},
  url = {http://CRAN.R-project.org/package=bibtex},
}
@Manual{devtools,
  title = {devtools: Tools to make developing R code easier},
  author = {Hadley Wickham and Winston Chang},
  year = {2013},
  note = {R package version 1.3},
  url = {http://CRAN.R-project.org/package=devtools},
}
@Manual{knitr1,
  title = {knitr: A general-purpose package for dynamic report generation in R},
  author = {Yihui Xie},
  year = {2013},
  note = {R package version 1.4},
  url = {http://yihui.name/knitr/},
}

@Book{knitr2,
  title = {Dynamic Documents with {R} and knitr},
  author = {Yihui Xie},
  publisher = {Chapman and Hall/CRC},
  year = {2013},
  note = {ISBN 978-1482203530},
  url = {http://yihui.name/knitr/},
}

@InCollection{knitr3,
  booktitle = {Implementing Reproducible Computational Research},
  editor = {Victoria Stodden and Friedrich Leisch and Roger D. Peng},
  title = {knitr: A Comprehensive Tool for Reproducible Research in {R}},
  author = {Yihui Xie},
  publisher = {Chapman and Hall/CRC},
  year = {2013},
  note = {ISBN 978-1466561595},
  url = {http://www.crcpress.com/product/isbn/9781466561595},
}
@Manual{base,
  title = {R: A Language and Environment for Statistical Computing},
  author = {{R Core Team}},
  organization = {R Foundation for Statistical Computing},
  address = {Vienna, Austria},
  year = {2013},
  url = {http://www.R-project.org/},
}
@Manual{knitcitations,
  title = {knitcitations: Citations for knitr markdown files},
  author = {Carl Boettiger},
  year = {2013},
  note = {R package version 0.5-0},
  url = {https://github.com/cboettig/knitcitations},
}
@Manual{bibtex,
  title = {bibtex: bibtex parser},
  author = {Romain Francois},
  year = {2013},
  note = {R package version 0.3-6},
  url = {http://CRAN.R-project.org/package=bibtex},
}
@Manual{knitr1,
  title = {knitr: A general-purpose package for dynamic report generation in R},
  author = {Yihui Xie},
  year = {2013},
  note = {R package version 1.4},
  url = {http://yihui.name/knitr/},
}

@Book{knitr2,
  title = {Dynamic Documents with {R} and knitr},
  author = {Yihui Xie},
  publisher = {Chapman and Hall/CRC},
  year = {2013},
  note = {ISBN 978-1482203530},
  url = {http://yihui.name/knitr/},
}

@InCollection{knitr3,
  booktitle = {Implementing Reproducible Computational Research},
  editor = {Victoria Stodden and Friedrich Leisch and Roger D. Peng},
  title = {knitr: A Comprehensive Tool for Reproducible Research in {R}},
  author = {Yihui Xie},
  publisher = {Chapman and Hall/CRC},
  year = {2013},
  note = {ISBN 978-1466561595},
  url = {http://www.crcpress.com/product/isbn/9781466561595},
}
@Manual{pvclust,
  title = {pvclust: Hierarchical Clustering with P-Values via Multiscale Bootstrap
Resampling},
  author = {Ryota Suzuki and Hidetoshi Shimodaira},
  year = {2011},
  note = {R package version 1.2-2},
  url = {http://CRAN.R-project.org/package=pvclust},
}
@Manual{base,
  title = {R: A Language and Environment for Statistical Computing},
  author = {{R Core Team}},
  organization = {R Foundation for Statistical Computing},
  address = {Vienna, Austria},
  year = {2013},
  url = {http://www.R-project.org/},
}
@Manual{knitcitations,
  title = {knitcitations: Citations for knitr markdown files},
  author = {Carl Boettiger},
  year = {2013},
  note = {R package version 0.5-0},
  url = {https://github.com/cboettig/knitcitations},
}
@Manual{bibtex,
  title = {bibtex: bibtex parser},
  author = {Romain Francois},
  year = {2013},
  note = {R package version 0.3-6},
  url = {http://CRAN.R-project.org/package=bibtex},
}
@Article{DESeq,
  title = {Differential expression analysis for sequence count data},
  author = {Simon Anders and Wolfgang Huber},
  year = {2010},
  journal = {Genome Biology},
  volume = {11},
  pages = {R106},
  doi = {10.1186/gb-2010-11-10-r106},
  url = {http://genomebiology.com/2010/11/10/R106/},
}
@Book{lattice,
  title = {Lattice: Multivariate Data Visualization with R},
  author = {Deepayan Sarkar},
  publisher = {Springer},
  address = {New York},
  year = {2008},
  note = {ISBN 978-0-387-75968-5},
  url = {http://lmdvr.r-forge.r-project.org},
}
@Manual{locfit,
  title = {locfit: Local Regression, Likelihood and Density Estimation.},
  author = {Catherine Loader},
  year = {2013},
  note = {R package version 1.5-9.1},
  url = {http://CRAN.R-project.org/package=locfit},
}
@Article{Biobase,
  author = {Robert C Gentleman and Vincent J. Carey and Douglas M. Bates and {others}},
  title = {Bioconductor: Open software development for computational biology and bioinformatics},
  journal = {Genome Biology},
  volume = {5},
  year = {2004},
  pages = {R80},
  url = {http://genomebiology.com/2004/5/10/R80},
}
@Manual{BiocGenerics,
  title = {BiocGenerics: Generic functions for Bioconductor},
  author = {The Bioconductor Dev Team},
  note = {R package version 0.6.0},
}
@Manual{knitr1,
  title = {knitr: A general-purpose package for dynamic report generation in R},
  author = {Yihui Xie},
  year = {2013},
  note = {R package version 1.4},
  url = {http://yihui.name/knitr/},
}

@Book{knitr2,
  title = {Dynamic Documents with {R} and knitr},
  author = {Yihui Xie},
  publisher = {Chapman and Hall/CRC},
  year = {2013},
  note = {ISBN 978-1482203530},
  url = {http://yihui.name/knitr/},
}

@InCollection{knitr3,
  booktitle = {Implementing Reproducible Computational Research},
  editor = {Victoria Stodden and Friedrich Leisch and Roger D. Peng},
  title = {knitr: A Comprehensive Tool for Reproducible Research in {R}},
  author = {Yihui Xie},
  publisher = {Chapman and Hall/CRC},
  year = {2013},
  note = {ISBN 978-1466561595},
  url = {http://www.crcpress.com/product/isbn/9781466561595},
}
@Manual{base,
  title = {R: A Language and Environment for Statistical Computing},
  author = {{R Core Team}},
  organization = {R Foundation for Statistical Computing},
  address = {Vienna, Austria},
  year = {2013},
  url = {http://www.R-project.org/},
}
@Article{biomaRt1,
  title = {Mapping identifiers for the integration of genomic datasets with the R/Bioconductor package biomaRt},
  author = {Steffen Durinck and Paul T. Spellman and Ewan Birney and Wolfgang Huber},
  journal = {Nature Protocols},
  year = {2009},
  volume = {4},
  pages = {1184--1191},
}

@Article{biomaRt2,
  title = {BioMart and Bioconductor: a powerful link between biological databases and microarray data analysis},
  author = {Steffen Durinck and Yves Moreau and Arek Kasprzyk and Sean Davis and Bart {De Moor} and Alvis Brazma and Wolfgang Huber},
  journal = {Bioinformatics},
  year = {2005},
  volume = {21},
  pages = {3439--3440},
}
@Manual{xtable,
  title = {xtable: Export tables to LaTeX or HTML},
  author = {David B. Dahl},
  year = {2013},
  note = {R package version 1.7-1},
  url = {http://CRAN.R-project.org/package=xtable},
}
@Manual{knitcitations,
  title = {knitcitations: Citations for knitr markdown files},
  author = {Carl Boettiger},
  year = {2013},
  note = {R package version 0.5-0},
  url = {https://github.com/cboettig/knitcitations},
}
@Manual{bibtex,
  title = {bibtex: bibtex parser},
  author = {Romain Francois},
  year = {2013},
  note = {R package version 0.3-6},
  url = {http://CRAN.R-project.org/package=bibtex},
}
@Article{DESeq,
  title = {Differential expression analysis for sequence count data},
  author = {Simon Anders and Wolfgang Huber},
  year = {2010},
  journal = {Genome Biology},
  volume = {11},
  pages = {R106},
  doi = {10.1186/gb-2010-11-10-r106},
  url = {http://genomebiology.com/2010/11/10/R106/},
}
@Book{lattice,
  title = {Lattice: Multivariate Data Visualization with R},
  author = {Deepayan Sarkar},
  publisher = {Springer},
  address = {New York},
  year = {2008},
  note = {ISBN 978-0-387-75968-5},
  url = {http://lmdvr.r-forge.r-project.org},
}
@Manual{locfit,
  title = {locfit: Local Regression, Likelihood and Density Estimation.},
  author = {Catherine Loader},
  year = {2013},
  note = {R package version 1.5-9.1},
  url = {http://CRAN.R-project.org/package=locfit},
}
@Article{Biobase,
  author = {Robert C Gentleman and Vincent J. Carey and Douglas M. Bates and {others}},
  title = {Bioconductor: Open software development for computational biology and bioinformatics},
  journal = {Genome Biology},
  volume = {5},
  year = {2004},
  pages = {R80},
  url = {http://genomebiology.com/2004/5/10/R80},
}
@Manual{BiocGenerics,
  title = {BiocGenerics: Generic functions for Bioconductor},
  author = {The Bioconductor Dev Team},
  note = {R package version 0.6.0},
}
@Manual{knitr1,
  title = {knitr: A general-purpose package for dynamic report generation in R},
  author = {Yihui Xie},
  year = {2013},
  note = {R package version 1.4},
  url = {http://yihui.name/knitr/},
}

@Book{knitr2,
  title = {Dynamic Documents with {R} and knitr},
  author = {Yihui Xie},
  publisher = {Chapman and Hall/CRC},
  year = {2013},
  note = {ISBN 978-1482203530},
  url = {http://yihui.name/knitr/},
}

@InCollection{knitr3,
  booktitle = {Implementing Reproducible Computational Research},
  editor = {Victoria Stodden and Friedrich Leisch and Roger D. Peng},
  title = {knitr: A Comprehensive Tool for Reproducible Research in {R}},
  author = {Yihui Xie},
  publisher = {Chapman and Hall/CRC},
  year = {2013},
  note = {ISBN 978-1466561595},
  url = {http://www.crcpress.com/product/isbn/9781466561595},
}
@Manual{base,
  title = {R: A Language and Environment for Statistical Computing},
  author = {{R Core Team}},
  organization = {R Foundation for Statistical Computing},
  address = {Vienna, Austria},
  year = {2013},
  url = {http://www.R-project.org/},
}
@Manual{knitcitations,
  title = {knitcitations: Citations for knitr markdown files},
  author = {Carl Boettiger},
  year = {2013},
  note = {R package version 0.5-0},
  url = {https://github.com/cboettig/knitcitations},
}
@Manual{bibtex,
  title = {bibtex: bibtex parser},
  author = {Romain Francois},
  year = {2013},
  note = {R package version 0.3-6},
  url = {http://CRAN.R-project.org/package=bibtex},
}
@Article{DESeq,
  title = {Differential expression analysis for sequence count data},
  author = {Simon Anders and Wolfgang Huber},
  year = {2010},
  journal = {Genome Biology},
  volume = {11},
  pages = {R106},
  doi = {10.1186/gb-2010-11-10-r106},
  url = {http://genomebiology.com/2010/11/10/R106/},
}
@Book{lattice,
  title = {Lattice: Multivariate Data Visualization with R},
  author = {Deepayan Sarkar},
  publisher = {Springer},
  address = {New York},
  year = {2008},
  note = {ISBN 978-0-387-75968-5},
  url = {http://lmdvr.r-forge.r-project.org},
}
@Manual{locfit,
  title = {locfit: Local Regression, Likelihood and Density Estimation.},
  author = {Catherine Loader},
  year = {2013},
  note = {R package version 1.5-9.1},
  url = {http://CRAN.R-project.org/package=locfit},
}
@Article{Biobase,
  author = {Robert C Gentleman and Vincent J. Carey and Douglas M. Bates and {others}},
  title = {Bioconductor: Open software development for computational biology and bioinformatics},
  journal = {Genome Biology},
  volume = {5},
  year = {2004},
  pages = {R80},
  url = {http://genomebiology.com/2004/5/10/R80},
}
@Manual{BiocGenerics,
  title = {BiocGenerics: Generic functions for Bioconductor},
  author = {The Bioconductor Dev Team},
  note = {R package version 0.6.0},
}
@Manual{knitr1,
  title = {knitr: A general-purpose package for dynamic report generation in R},
  author = {Yihui Xie},
  year = {2013},
  note = {R package version 1.4},
  url = {http://yihui.name/knitr/},
}

@Book{knitr2,
  title = {Dynamic Documents with {R} and knitr},
  author = {Yihui Xie},
  publisher = {Chapman and Hall/CRC},
  year = {2013},
  note = {ISBN 978-1482203530},
  url = {http://yihui.name/knitr/},
}

@InCollection{knitr3,
  booktitle = {Implementing Reproducible Computational Research},
  editor = {Victoria Stodden and Friedrich Leisch and Roger D. Peng},
  title = {knitr: A Comprehensive Tool for Reproducible Research in {R}},
  author = {Yihui Xie},
  publisher = {Chapman and Hall/CRC},
  year = {2013},
  note = {ISBN 978-1466561595},
  url = {http://www.crcpress.com/product/isbn/9781466561595},
}
@Manual{base,
  title = {R: A Language and Environment for Statistical Computing},
  author = {{R Core Team}},
  organization = {R Foundation for Statistical Computing},
  address = {Vienna, Austria},
  year = {2013},
  url = {http://www.R-project.org/},
}
@Article{biomaRt1,
  title = {Mapping identifiers for the integration of genomic datasets with the R/Bioconductor package biomaRt},
  author = {Steffen Durinck and Paul T. Spellman and Ewan Birney and Wolfgang Huber},
  journal = {Nature Protocols},
  year = {2009},
  volume = {4},
  pages = {1184--1191},
}

@Article{biomaRt2,
  title = {BioMart and Bioconductor: a powerful link between biological databases and microarray data analysis},
  author = {Steffen Durinck and Yves Moreau and Arek Kasprzyk and Sean Davis and Bart {De Moor} and Alvis Brazma and Wolfgang Huber},
  journal = {Bioinformatics},
  year = {2005},
  volume = {21},
  pages = {3439--3440},
}
@Manual{xtable,
  title = {xtable: Export tables to LaTeX or HTML},
  author = {David B. Dahl},
  year = {2013},
  note = {R package version 1.7-1},
  url = {http://CRAN.R-project.org/package=xtable},
}
@Manual{knitcitations,
  title = {knitcitations: Citations for knitr markdown files},
  author = {Carl Boettiger},
  year = {2013},
  note = {R package version 0.5-0},
  url = {https://github.com/cboettig/knitcitations},
}
@Manual{bibtex,
  title = {bibtex: bibtex parser},
  author = {Romain Francois},
  year = {2013},
  note = {R package version 0.3-6},
  url = {http://CRAN.R-project.org/package=bibtex},
}
@Article{DESeq,
  title = {Differential expression analysis for sequence count data},
  author = {Simon Anders and Wolfgang Huber},
  year = {2010},
  journal = {Genome Biology},
  volume = {11},
  pages = {R106},
  doi = {10.1186/gb-2010-11-10-r106},
  url = {http://genomebiology.com/2010/11/10/R106/},
}
@Book{lattice,
  title = {Lattice: Multivariate Data Visualization with R},
  author = {Deepayan Sarkar},
  publisher = {Springer},
  address = {New York},
  year = {2008},
  note = {ISBN 978-0-387-75968-5},
  url = {http://lmdvr.r-forge.r-project.org},
}
@Manual{locfit,
  title = {locfit: Local Regression, Likelihood and Density Estimation.},
  author = {Catherine Loader},
  year = {2013},
  note = {R package version 1.5-9.1},
  url = {http://CRAN.R-project.org/package=locfit},
}
@Article{Biobase,
  author = {Robert C Gentleman and Vincent J. Carey and Douglas M. Bates and {others}},
  title = {Bioconductor: Open software development for computational biology and bioinformatics},
  journal = {Genome Biology},
  volume = {5},
  year = {2004},
  pages = {R80},
  url = {http://genomebiology.com/2004/5/10/R80},
}
@Manual{BiocGenerics,
  title = {BiocGenerics: Generic functions for Bioconductor},
  author = {The Bioconductor Dev Team},
  note = {R package version 0.6.0},
}
@Manual{knitr1,
  title = {knitr: A general-purpose package for dynamic report generation in R},
  author = {Yihui Xie},
  year = {2013},
  note = {R package version 1.4},
  url = {http://yihui.name/knitr/},
}

@Book{knitr2,
  title = {Dynamic Documents with {R} and knitr},
  author = {Yihui Xie},
  publisher = {Chapman and Hall/CRC},
  year = {2013},
  note = {ISBN 978-1482203530},
  url = {http://yihui.name/knitr/},
}

@InCollection{knitr3,
  booktitle = {Implementing Reproducible Computational Research},
  editor = {Victoria Stodden and Friedrich Leisch and Roger D. Peng},
  title = {knitr: A Comprehensive Tool for Reproducible Research in {R}},
  author = {Yihui Xie},
  publisher = {Chapman and Hall/CRC},
  year = {2013},
  note = {ISBN 978-1466561595},
  url = {http://www.crcpress.com/product/isbn/9781466561595},
}
@Manual{base,
  title = {R: A Language and Environment for Statistical Computing},
  author = {{R Core Team}},
  organization = {R Foundation for Statistical Computing},
  address = {Vienna, Austria},
  year = {2013},
  url = {http://www.R-project.org/},
}
@Manual{knitcitations,
  title = {knitcitations: Citations for knitr markdown files},
  author = {Carl Boettiger},
  year = {2013},
  note = {R package version 0.5-0},
  url = {https://github.com/cboettig/knitcitations},
}
@Manual{bibtex,
  title = {bibtex: bibtex parser},
  author = {Romain Francois},
  year = {2013},
  note = {R package version 0.3-6},
  url = {http://CRAN.R-project.org/package=bibtex},
}
@Article{DESeq,
  title = {Differential expression analysis for sequence count data},
  author = {Simon Anders and Wolfgang Huber},
  year = {2010},
  journal = {Genome Biology},
  volume = {11},
  pages = {R106},
  doi = {10.1186/gb-2010-11-10-r106},
  url = {http://genomebiology.com/2010/11/10/R106/},
}
@Book{lattice,
  title = {Lattice: Multivariate Data Visualization with R},
  author = {Deepayan Sarkar},
  publisher = {Springer},
  address = {New York},
  year = {2008},
  note = {ISBN 978-0-387-75968-5},
  url = {http://lmdvr.r-forge.r-project.org},
}
@Manual{locfit,
  title = {locfit: Local Regression, Likelihood and Density Estimation.},
  author = {Catherine Loader},
  year = {2013},
  note = {R package version 1.5-9.1},
  url = {http://CRAN.R-project.org/package=locfit},
}
@Article{Biobase,
  author = {Robert C Gentleman and Vincent J. Carey and Douglas M. Bates and {others}},
  title = {Bioconductor: Open software development for computational biology and bioinformatics},
  journal = {Genome Biology},
  volume = {5},
  year = {2004},
  pages = {R80},
  url = {http://genomebiology.com/2004/5/10/R80},
}
@Manual{BiocGenerics,
  title = {BiocGenerics: Generic functions for Bioconductor},
  author = {The Bioconductor Dev Team},
  note = {R package version 0.6.0},
}
@Manual{knitr1,
  title = {knitr: A general-purpose package for dynamic report generation in R},
  author = {Yihui Xie},
  year = {2013},
  note = {R package version 1.4},
  url = {http://yihui.name/knitr/},
}

@Book{knitr2,
  title = {Dynamic Documents with {R} and knitr},
  author = {Yihui Xie},
  publisher = {Chapman and Hall/CRC},
  year = {2013},
  note = {ISBN 978-1482203530},
  url = {http://yihui.name/knitr/},
}

@InCollection{knitr3,
  booktitle = {Implementing Reproducible Computational Research},
  editor = {Victoria Stodden and Friedrich Leisch and Roger D. Peng},
  title = {knitr: A Comprehensive Tool for Reproducible Research in {R}},
  author = {Yihui Xie},
  publisher = {Chapman and Hall/CRC},
  year = {2013},
  note = {ISBN 978-1466561595},
  url = {http://www.crcpress.com/product/isbn/9781466561595},
}
@Manual{base,
  title = {R: A Language and Environment for Statistical Computing},
  author = {{R Core Team}},
  organization = {R Foundation for Statistical Computing},
  address = {Vienna, Austria},
  year = {2013},
  url = {http://www.R-project.org/},
}
@Article{biomaRt1,
  title = {Mapping identifiers for the integration of genomic datasets with the R/Bioconductor package biomaRt},
  author = {Steffen Durinck and Paul T. Spellman and Ewan Birney and Wolfgang Huber},
  journal = {Nature Protocols},
  year = {2009},
  volume = {4},
  pages = {1184--1191},
}

@Article{biomaRt2,
  title = {BioMart and Bioconductor: a powerful link between biological databases and microarray data analysis},
  author = {Steffen Durinck and Yves Moreau and Arek Kasprzyk and Sean Davis and Bart {De Moor} and Alvis Brazma and Wolfgang Huber},
  journal = {Bioinformatics},
  year = {2005},
  volume = {21},
  pages = {3439--3440},
}
@Manual{xtable,
  title = {xtable: Export tables to LaTeX or HTML},
  author = {David B. Dahl},
  year = {2013},
  note = {R package version 1.7-1},
  url = {http://CRAN.R-project.org/package=xtable},
}
@Manual{knitcitations,
  title = {knitcitations: Citations for knitr markdown files},
  author = {Carl Boettiger},
  year = {2013},
  note = {R package version 0.5-0},
  url = {https://github.com/cboettig/knitcitations},
}
@Manual{bibtex,
  title = {bibtex: bibtex parser},
  author = {Romain Francois},
  year = {2013},
  note = {R package version 0.3-6},
  url = {http://CRAN.R-project.org/package=bibtex},
}
@Article{DESeq,
  title = {Differential expression analysis for sequence count data},
  author = {Simon Anders and Wolfgang Huber},
  year = {2010},
  journal = {Genome Biology},
  volume = {11},
  pages = {R106},
  doi = {10.1186/gb-2010-11-10-r106},
  url = {http://genomebiology.com/2010/11/10/R106/},
}
@Book{lattice,
  title = {Lattice: Multivariate Data Visualization with R},
  author = {Deepayan Sarkar},
  publisher = {Springer},
  address = {New York},
  year = {2008},
  note = {ISBN 978-0-387-75968-5},
  url = {http://lmdvr.r-forge.r-project.org},
}
@Manual{locfit,
  title = {locfit: Local Regression, Likelihood and Density Estimation.},
  author = {Catherine Loader},
  year = {2013},
  note = {R package version 1.5-9.1},
  url = {http://CRAN.R-project.org/package=locfit},
}
@Article{Biobase,
  author = {Robert C Gentleman and Vincent J. Carey and Douglas M. Bates and {others}},
  title = {Bioconductor: Open software development for computational biology and bioinformatics},
  journal = {Genome Biology},
  volume = {5},
  year = {2004},
  pages = {R80},
  url = {http://genomebiology.com/2004/5/10/R80},
}
@Manual{BiocGenerics,
  title = {BiocGenerics: Generic functions for Bioconductor},
  author = {The Bioconductor Dev Team},
  note = {R package version 0.6.0},
}
@Manual{knitr1,
  title = {knitr: A general-purpose package for dynamic report generation in R},
  author = {Yihui Xie},
  year = {2013},
  note = {R package version 1.4},
  url = {http://yihui.name/knitr/},
}

@Book{knitr2,
  title = {Dynamic Documents with {R} and knitr},
  author = {Yihui Xie},
  publisher = {Chapman and Hall/CRC},
  year = {2013},
  note = {ISBN 978-1482203530},
  url = {http://yihui.name/knitr/},
}

@InCollection{knitr3,
  booktitle = {Implementing Reproducible Computational Research},
  editor = {Victoria Stodden and Friedrich Leisch and Roger D. Peng},
  title = {knitr: A Comprehensive Tool for Reproducible Research in {R}},
  author = {Yihui Xie},
  publisher = {Chapman and Hall/CRC},
  year = {2013},
  note = {ISBN 978-1466561595},
  url = {http://www.crcpress.com/product/isbn/9781466561595},
}
@Manual{base,
  title = {R: A Language and Environment for Statistical Computing},
  author = {{R Core Team}},
  organization = {R Foundation for Statistical Computing},
  address = {Vienna, Austria},
  year = {2013},
  url = {http://www.R-project.org/},
}
@Manual{KEGG.db,
  title = {KEGG.db: A set of annotation maps for KEGG},
  author = {Marc Carlson},
  note = {R package version 2.9.1},
}
@Manual{GO.db,
  title = {GO.db: A set of annotation maps describing the entire Gene Ontology},
  author = {Marc Carlson},
  note = {R package version 2.9.0},
}
@Manual{RSQLite,
  title = {RSQLite: SQLite interface for R},
  author = {David A. James and Seth Falcon and  the authors of SQLite},
  year = {2013},
  note = {R package version 0.11.4},
  url = {http://CRAN.R-project.org/package=RSQLite},
}
@Manual{DBI,
  title = {DBI: R Database Interface},
  author = {R Special Interest Group on Databases},
  year = {2013},
  note = {R package version 0.2-7},
  url = {http://CRAN.R-project.org/package=DBI},
}
@Manual{AnnotationDbi,
  title = {AnnotationDbi: Annotation Database Interface},
  author = {Herve Pages and Marc Carlson and Seth Falcon and Nianhua Li},
  note = {R package version 1.22.6},
}
@Article{Biobase,
  author = {Robert C Gentleman and Vincent J. Carey and Douglas M. Bates and {others}},
  title = {Bioconductor: Open software development for computational biology and bioinformatics},
  journal = {Genome Biology},
  volume = {5},
  year = {2004},
  pages = {R80},
  url = {http://genomebiology.com/2004/5/10/R80},
}
@Manual{BiocGenerics,
  title = {BiocGenerics: Generic functions for Bioconductor},
  author = {The Bioconductor Dev Team},
  note = {R package version 0.6.0},
}
@Article{goseq,
  title = {Gene ontology analysis for RNA-seq: accounting for selection bias},
  author = {Matthew D Young and Matthew J Wakefield and Gordon K Smyth and Alicia Oshlack},
  journal = {Genome Biology},
  volume = {11},
  pages = {R14},
  year = {2010},
}
@Manual{geneLenDataBase,
  title = {geneLenDataBase: Lengths of mRNA transcripts for a number of genomes},
  author = {Matthew Young},
  year = {2010},
  note = {R package version 0.99.11},
}
@Manual{BiasedUrn,
  title = {BiasedUrn: Biased Urn model distributions},
  author = {Agner Fog},
  year = {2013},
  note = {R package version 1.05},
  url = {http://CRAN.R-project.org/package=BiasedUrn},
}
@Manual{knitcitations,
  title = {knitcitations: Citations for knitr markdown files},
  author = {Carl Boettiger},
  year = {2013},
  note = {R package version 0.5-0},
  url = {https://github.com/cboettig/knitcitations},
}
@Manual{bibtex,
  title = {bibtex: bibtex parser},
  author = {Romain Francois},
  year = {2013},
  note = {R package version 0.3-6},
  url = {http://CRAN.R-project.org/package=bibtex},
}
@Manual{knitr1,
  title = {knitr: A general-purpose package for dynamic report generation in R},
  author = {Yihui Xie},
  year = {2013},
  note = {R package version 1.4},
  url = {http://yihui.name/knitr/},
}

@Book{knitr2,
  title = {Dynamic Documents with {R} and knitr},
  author = {Yihui Xie},
  publisher = {Chapman and Hall/CRC},
  year = {2013},
  note = {ISBN 978-1482203530},
  url = {http://yihui.name/knitr/},
}

@InCollection{knitr3,
  booktitle = {Implementing Reproducible Computational Research},
  editor = {Victoria Stodden and Friedrich Leisch and Roger D. Peng},
  title = {knitr: A Comprehensive Tool for Reproducible Research in {R}},
  author = {Yihui Xie},
  publisher = {Chapman and Hall/CRC},
  year = {2013},
  note = {ISBN 978-1466561595},
  url = {http://www.crcpress.com/product/isbn/9781466561595},
}
@Manual{base,
  title = {R: A Language and Environment for Statistical Computing},
  author = {{R Core Team}},
  organization = {R Foundation for Statistical Computing},
  address = {Vienna, Austria},
  year = {2013},
  url = {http://www.R-project.org/},
}
@Manual{KEGG.db,
  title = {KEGG.db: A set of annotation maps for KEGG},
  author = {Marc Carlson},
  note = {R package version 2.9.1},
}
@Manual{GO.db,
  title = {GO.db: A set of annotation maps describing the entire Gene Ontology},
  author = {Marc Carlson},
  note = {R package version 2.9.0},
}
@Manual{RSQLite,
  title = {RSQLite: SQLite interface for R},
  author = {David A. James and Seth Falcon and  the authors of SQLite},
  year = {2013},
  note = {R package version 0.11.4},
  url = {http://CRAN.R-project.org/package=RSQLite},
}
@Manual{DBI,
  title = {DBI: R Database Interface},
  author = {R Special Interest Group on Databases},
  year = {2013},
  note = {R package version 0.2-7},
  url = {http://CRAN.R-project.org/package=DBI},
}
@Manual{AnnotationDbi,
  title = {AnnotationDbi: Annotation Database Interface},
  author = {Herve Pages and Marc Carlson and Seth Falcon and Nianhua Li},
  note = {R package version 1.22.6},
}
@Article{Biobase,
  author = {Robert C Gentleman and Vincent J. Carey and Douglas M. Bates and {others}},
  title = {Bioconductor: Open software development for computational biology and bioinformatics},
  journal = {Genome Biology},
  volume = {5},
  year = {2004},
  pages = {R80},
  url = {http://genomebiology.com/2004/5/10/R80},
}
@Manual{BiocGenerics,
  title = {BiocGenerics: Generic functions for Bioconductor},
  author = {The Bioconductor Dev Team},
  note = {R package version 0.6.0},
}
@Article{goseq,
  title = {Gene ontology analysis for RNA-seq: accounting for selection bias},
  author = {Matthew D Young and Matthew J Wakefield and Gordon K Smyth and Alicia Oshlack},
  journal = {Genome Biology},
  volume = {11},
  pages = {R14},
  year = {2010},
}
@Manual{geneLenDataBase,
  title = {geneLenDataBase: Lengths of mRNA transcripts for a number of genomes},
  author = {Matthew Young},
  year = {2010},
  note = {R package version 0.99.11},
}
@Manual{BiasedUrn,
  title = {BiasedUrn: Biased Urn model distributions},
  author = {Agner Fog},
  year = {2013},
  note = {R package version 1.05},
  url = {http://CRAN.R-project.org/package=BiasedUrn},
}
@Manual{knitcitations,
  title = {knitcitations: Citations for knitr markdown files},
  author = {Carl Boettiger},
  year = {2013},
  note = {R package version 0.5-0},
  url = {https://github.com/cboettig/knitcitations},
}
@Manual{bibtex,
  title = {bibtex: bibtex parser},
  author = {Romain Francois},
  year = {2013},
  note = {R package version 0.3-6},
  url = {http://CRAN.R-project.org/package=bibtex},
}
@Manual{knitr1,
  title = {knitr: A general-purpose package for dynamic report generation in R},
  author = {Yihui Xie},
  year = {2013},
  note = {R package version 1.4},
  url = {http://yihui.name/knitr/},
}

@Book{knitr2,
  title = {Dynamic Documents with {R} and knitr},
  author = {Yihui Xie},
  publisher = {Chapman and Hall/CRC},
  year = {2013},
  note = {ISBN 978-1482203530},
  url = {http://yihui.name/knitr/},
}

@InCollection{knitr3,
  booktitle = {Implementing Reproducible Computational Research},
  editor = {Victoria Stodden and Friedrich Leisch and Roger D. Peng},
  title = {knitr: A Comprehensive Tool for Reproducible Research in {R}},
  author = {Yihui Xie},
  publisher = {Chapman and Hall/CRC},
  year = {2013},
  note = {ISBN 978-1466561595},
  url = {http://www.crcpress.com/product/isbn/9781466561595},
}
@Manual{base,
  title = {R: A Language and Environment for Statistical Computing},
  author = {{R Core Team}},
  organization = {R Foundation for Statistical Computing},
  address = {Vienna, Austria},
  year = {2013},
  url = {http://www.R-project.org/},
}
@Manual{KEGG.db,
  title = {KEGG.db: A set of annotation maps for KEGG},
  author = {Marc Carlson},
  note = {R package version 2.9.1},
}
@Manual{GO.db,
  title = {GO.db: A set of annotation maps describing the entire Gene Ontology},
  author = {Marc Carlson},
  note = {R package version 2.9.0},
}
@Manual{RSQLite,
  title = {RSQLite: SQLite interface for R},
  author = {David A. James and Seth Falcon and  the authors of SQLite},
  year = {2013},
  note = {R package version 0.11.4},
  url = {http://CRAN.R-project.org/package=RSQLite},
}
@Manual{DBI,
  title = {DBI: R Database Interface},
  author = {R Special Interest Group on Databases},
  year = {2013},
  note = {R package version 0.2-7},
  url = {http://CRAN.R-project.org/package=DBI},
}
@Manual{AnnotationDbi,
  title = {AnnotationDbi: Annotation Database Interface},
  author = {Herve Pages and Marc Carlson and Seth Falcon and Nianhua Li},
  note = {R package version 1.22.6},
}
@Article{Biobase,
  author = {Robert C Gentleman and Vincent J. Carey and Douglas M. Bates and {others}},
  title = {Bioconductor: Open software development for computational biology and bioinformatics},
  journal = {Genome Biology},
  volume = {5},
  year = {2004},
  pages = {R80},
  url = {http://genomebiology.com/2004/5/10/R80},
}
@Manual{BiocGenerics,
  title = {BiocGenerics: Generic functions for Bioconductor},
  author = {The Bioconductor Dev Team},
  note = {R package version 0.6.0},
}
@Article{goseq,
  title = {Gene ontology analysis for RNA-seq: accounting for selection bias},
  author = {Matthew D Young and Matthew J Wakefield and Gordon K Smyth and Alicia Oshlack},
  journal = {Genome Biology},
  volume = {11},
  pages = {R14},
  year = {2010},
}
@Manual{geneLenDataBase,
  title = {geneLenDataBase: Lengths of mRNA transcripts for a number of genomes},
  author = {Matthew Young},
  year = {2010},
  note = {R package version 0.99.11},
}
@Manual{BiasedUrn,
  title = {BiasedUrn: Biased Urn model distributions},
  author = {Agner Fog},
  year = {2013},
  note = {R package version 1.05},
  url = {http://CRAN.R-project.org/package=BiasedUrn},
}
@Manual{knitcitations,
  title = {knitcitations: Citations for knitr markdown files},
  author = {Carl Boettiger},
  year = {2013},
  note = {R package version 0.5-0},
  url = {https://github.com/cboettig/knitcitations},
}
@Manual{bibtex,
  title = {bibtex: bibtex parser},
  author = {Romain Francois},
  year = {2013},
  note = {R package version 0.3-6},
  url = {http://CRAN.R-project.org/package=bibtex},
}
@Manual{knitr1,
  title = {knitr: A general-purpose package for dynamic report generation in R},
  author = {Yihui Xie},
  year = {2013},
  note = {R package version 1.4},
  url = {http://yihui.name/knitr/},
}

@Book{knitr2,
  title = {Dynamic Documents with {R} and knitr},
  author = {Yihui Xie},
  publisher = {Chapman and Hall/CRC},
  year = {2013},
  note = {ISBN 978-1482203530},
  url = {http://yihui.name/knitr/},
}

@InCollection{knitr3,
  booktitle = {Implementing Reproducible Computational Research},
  editor = {Victoria Stodden and Friedrich Leisch and Roger D. Peng},
  title = {knitr: A Comprehensive Tool for Reproducible Research in {R}},
  author = {Yihui Xie},
  publisher = {Chapman and Hall/CRC},
  year = {2013},
  note = {ISBN 978-1466561595},
  url = {http://www.crcpress.com/product/isbn/9781466561595},
}
@Manual{base,
  title = {R: A Language and Environment for Statistical Computing},
  author = {{R Core Team}},
  organization = {R Foundation for Statistical Computing},
  address = {Vienna, Austria},
  year = {2013},
  url = {http://www.R-project.org/},
}
@Manual{KEGG.db,
  title = {KEGG.db: A set of annotation maps for KEGG},
  author = {Marc Carlson},
  note = {R package version 2.9.1},
}
@Manual{GO.db,
  title = {GO.db: A set of annotation maps describing the entire Gene Ontology},
  author = {Marc Carlson},
  note = {R package version 2.9.0},
}
@Manual{RSQLite,
  title = {RSQLite: SQLite interface for R},
  author = {David A. James and Seth Falcon and  the authors of SQLite},
  year = {2013},
  note = {R package version 0.11.4},
  url = {http://CRAN.R-project.org/package=RSQLite},
}
@Manual{DBI,
  title = {DBI: R Database Interface},
  author = {R Special Interest Group on Databases},
  year = {2013},
  note = {R package version 0.2-7},
  url = {http://CRAN.R-project.org/package=DBI},
}
@Manual{AnnotationDbi,
  title = {AnnotationDbi: Annotation Database Interface},
  author = {Herve Pages and Marc Carlson and Seth Falcon and Nianhua Li},
  note = {R package version 1.22.6},
}
@Article{Biobase,
  author = {Robert C Gentleman and Vincent J. Carey and Douglas M. Bates and {others}},
  title = {Bioconductor: Open software development for computational biology and bioinformatics},
  journal = {Genome Biology},
  volume = {5},
  year = {2004},
  pages = {R80},
  url = {http://genomebiology.com/2004/5/10/R80},
}
@Manual{BiocGenerics,
  title = {BiocGenerics: Generic functions for Bioconductor},
  author = {The Bioconductor Dev Team},
  note = {R package version 0.6.0},
}
@Article{goseq,
  title = {Gene ontology analysis for RNA-seq: accounting for selection bias},
  author = {Matthew D Young and Matthew J Wakefield and Gordon K Smyth and Alicia Oshlack},
  journal = {Genome Biology},
  volume = {11},
  pages = {R14},
  year = {2010},
}
@Manual{geneLenDataBase,
  title = {geneLenDataBase: Lengths of mRNA transcripts for a number of genomes},
  author = {Matthew Young},
  year = {2010},
  note = {R package version 0.99.11},
}
@Manual{BiasedUrn,
  title = {BiasedUrn: Biased Urn model distributions},
  author = {Agner Fog},
  year = {2013},
  note = {R package version 1.05},
  url = {http://CRAN.R-project.org/package=BiasedUrn},
}
@Manual{knitcitations,
  title = {knitcitations: Citations for knitr markdown files},
  author = {Carl Boettiger},
  year = {2013},
  note = {R package version 0.5-0},
  url = {https://github.com/cboettig/knitcitations},
}
@Manual{bibtex,
  title = {bibtex: bibtex parser},
  author = {Romain Francois},
  year = {2013},
  note = {R package version 0.3-6},
  url = {http://CRAN.R-project.org/package=bibtex},
}
@Manual{knitr1,
  title = {knitr: A general-purpose package for dynamic report generation in R},
  author = {Yihui Xie},
  year = {2013},
  note = {R package version 1.4},
  url = {http://yihui.name/knitr/},
}

@Book{knitr2,
  title = {Dynamic Documents with {R} and knitr},
  author = {Yihui Xie},
  publisher = {Chapman and Hall/CRC},
  year = {2013},
  note = {ISBN 978-1482203530},
  url = {http://yihui.name/knitr/},
}

@InCollection{knitr3,
  booktitle = {Implementing Reproducible Computational Research},
  editor = {Victoria Stodden and Friedrich Leisch and Roger D. Peng},
  title = {knitr: A Comprehensive Tool for Reproducible Research in {R}},
  author = {Yihui Xie},
  publisher = {Chapman and Hall/CRC},
  year = {2013},
  note = {ISBN 978-1466561595},
  url = {http://www.crcpress.com/product/isbn/9781466561595},
}
@Manual{base,
  title = {R: A Language and Environment for Statistical Computing},
  author = {{R Core Team}},
  organization = {R Foundation for Statistical Computing},
  address = {Vienna, Austria},
  year = {2013},
  url = {http://www.R-project.org/},
}
@Manual{KEGG.db,
  title = {KEGG.db: A set of annotation maps for KEGG},
  author = {Marc Carlson},
  note = {R package version 2.9.1},
}
@Manual{GO.db,
  title = {GO.db: A set of annotation maps describing the entire Gene Ontology},
  author = {Marc Carlson},
  note = {R package version 2.9.0},
}
@Manual{RSQLite,
  title = {RSQLite: SQLite interface for R},
  author = {David A. James and Seth Falcon and  the authors of SQLite},
  year = {2013},
  note = {R package version 0.11.4},
  url = {http://CRAN.R-project.org/package=RSQLite},
}
@Manual{DBI,
  title = {DBI: R Database Interface},
  author = {R Special Interest Group on Databases},
  year = {2013},
  note = {R package version 0.2-7},
  url = {http://CRAN.R-project.org/package=DBI},
}
@Manual{AnnotationDbi,
  title = {AnnotationDbi: Annotation Database Interface},
  author = {Herve Pages and Marc Carlson and Seth Falcon and Nianhua Li},
  note = {R package version 1.22.6},
}
@Article{Biobase,
  author = {Robert C Gentleman and Vincent J. Carey and Douglas M. Bates and {others}},
  title = {Bioconductor: Open software development for computational biology and bioinformatics},
  journal = {Genome Biology},
  volume = {5},
  year = {2004},
  pages = {R80},
  url = {http://genomebiology.com/2004/5/10/R80},
}
@Manual{BiocGenerics,
  title = {BiocGenerics: Generic functions for Bioconductor},
  author = {The Bioconductor Dev Team},
  note = {R package version 0.6.0},
}
@Article{goseq,
  title = {Gene ontology analysis for RNA-seq: accounting for selection bias},
  author = {Matthew D Young and Matthew J Wakefield and Gordon K Smyth and Alicia Oshlack},
  journal = {Genome Biology},
  volume = {11},
  pages = {R14},
  year = {2010},
}
@Manual{geneLenDataBase,
  title = {geneLenDataBase: Lengths of mRNA transcripts for a number of genomes},
  author = {Matthew Young},
  year = {2010},
  note = {R package version 0.99.11},
}
@Manual{BiasedUrn,
  title = {BiasedUrn: Biased Urn model distributions},
  author = {Agner Fog},
  year = {2013},
  note = {R package version 1.05},
  url = {http://CRAN.R-project.org/package=BiasedUrn},
}
@Manual{knitcitations,
  title = {knitcitations: Citations for knitr markdown files},
  author = {Carl Boettiger},
  year = {2013},
  note = {R package version 0.5-0},
  url = {https://github.com/cboettig/knitcitations},
}
@Manual{bibtex,
  title = {bibtex: bibtex parser},
  author = {Romain Francois},
  year = {2013},
  note = {R package version 0.3-6},
  url = {http://CRAN.R-project.org/package=bibtex},
}
@Manual{knitr1,
  title = {knitr: A general-purpose package for dynamic report generation in R},
  author = {Yihui Xie},
  year = {2013},
  note = {R package version 1.4},
  url = {http://yihui.name/knitr/},
}

@Book{knitr2,
  title = {Dynamic Documents with {R} and knitr},
  author = {Yihui Xie},
  publisher = {Chapman and Hall/CRC},
  year = {2013},
  note = {ISBN 978-1482203530},
  url = {http://yihui.name/knitr/},
}

@InCollection{knitr3,
  booktitle = {Implementing Reproducible Computational Research},
  editor = {Victoria Stodden and Friedrich Leisch and Roger D. Peng},
  title = {knitr: A Comprehensive Tool for Reproducible Research in {R}},
  author = {Yihui Xie},
  publisher = {Chapman and Hall/CRC},
  year = {2013},
  note = {ISBN 978-1466561595},
  url = {http://www.crcpress.com/product/isbn/9781466561595},
}
@Manual{base,
  title = {R: A Language and Environment for Statistical Computing},
  author = {{R Core Team}},
  organization = {R Foundation for Statistical Computing},
  address = {Vienna, Austria},
  year = {2013},
  url = {http://www.R-project.org/},
}
@Manual{KEGG.db,
  title = {KEGG.db: A set of annotation maps for KEGG},
  author = {Marc Carlson},
  note = {R package version 2.9.1},
}
@Manual{GO.db,
  title = {GO.db: A set of annotation maps describing the entire Gene Ontology},
  author = {Marc Carlson},
  note = {R package version 2.9.0},
}
@Manual{RSQLite,
  title = {RSQLite: SQLite interface for R},
  author = {David A. James and Seth Falcon and  the authors of SQLite},
  year = {2013},
  note = {R package version 0.11.4},
  url = {http://CRAN.R-project.org/package=RSQLite},
}
@Manual{DBI,
  title = {DBI: R Database Interface},
  author = {R Special Interest Group on Databases},
  year = {2013},
  note = {R package version 0.2-7},
  url = {http://CRAN.R-project.org/package=DBI},
}
@Manual{AnnotationDbi,
  title = {AnnotationDbi: Annotation Database Interface},
  author = {Herve Pages and Marc Carlson and Seth Falcon and Nianhua Li},
  note = {R package version 1.22.6},
}
@Article{Biobase,
  author = {Robert C Gentleman and Vincent J. Carey and Douglas M. Bates and {others}},
  title = {Bioconductor: Open software development for computational biology and bioinformatics},
  journal = {Genome Biology},
  volume = {5},
  year = {2004},
  pages = {R80},
  url = {http://genomebiology.com/2004/5/10/R80},
}
@Manual{BiocGenerics,
  title = {BiocGenerics: Generic functions for Bioconductor},
  author = {The Bioconductor Dev Team},
  note = {R package version 0.6.0},
}
@Article{goseq,
  title = {Gene ontology analysis for RNA-seq: accounting for selection bias},
  author = {Matthew D Young and Matthew J Wakefield and Gordon K Smyth and Alicia Oshlack},
  journal = {Genome Biology},
  volume = {11},
  pages = {R14},
  year = {2010},
}
@Manual{geneLenDataBase,
  title = {geneLenDataBase: Lengths of mRNA transcripts for a number of genomes},
  author = {Matthew Young},
  year = {2010},
  note = {R package version 0.99.11},
}
@Manual{BiasedUrn,
  title = {BiasedUrn: Biased Urn model distributions},
  author = {Agner Fog},
  year = {2013},
  note = {R package version 1.05},
  url = {http://CRAN.R-project.org/package=BiasedUrn},
}
@Manual{knitcitations,
  title = {knitcitations: Citations for knitr markdown files},
  author = {Carl Boettiger},
  year = {2013},
  note = {R package version 0.5-0},
  url = {https://github.com/cboettig/knitcitations},
}
@Manual{bibtex,
  title = {bibtex: bibtex parser},
  author = {Romain Francois},
  year = {2013},
  note = {R package version 0.3-6},
  url = {http://CRAN.R-project.org/package=bibtex},
}
@Manual{knitr1,
  title = {knitr: A general-purpose package for dynamic report generation in R},
  author = {Yihui Xie},
  year = {2013},
  note = {R package version 1.4},
  url = {http://yihui.name/knitr/},
}

@Book{knitr2,
  title = {Dynamic Documents with {R} and knitr},
  author = {Yihui Xie},
  publisher = {Chapman and Hall/CRC},
  year = {2013},
  note = {ISBN 978-1482203530},
  url = {http://yihui.name/knitr/},
}

@InCollection{knitr3,
  booktitle = {Implementing Reproducible Computational Research},
  editor = {Victoria Stodden and Friedrich Leisch and Roger D. Peng},
  title = {knitr: A Comprehensive Tool for Reproducible Research in {R}},
  author = {Yihui Xie},
  publisher = {Chapman and Hall/CRC},
  year = {2013},
  note = {ISBN 978-1466561595},
  url = {http://www.crcpress.com/product/isbn/9781466561595},
}
@Manual{base,
  title = {R: A Language and Environment for Statistical Computing},
  author = {{R Core Team}},
  organization = {R Foundation for Statistical Computing},
  address = {Vienna, Austria},
  year = {2013},
  url = {http://www.R-project.org/},
}
@Manual{KEGG.db,
  title = {KEGG.db: A set of annotation maps for KEGG},
  author = {Marc Carlson},
  note = {R package version 2.9.1},
}
@Manual{GO.db,
  title = {GO.db: A set of annotation maps describing the entire Gene Ontology},
  author = {Marc Carlson},
  note = {R package version 2.9.0},
}
@Manual{RSQLite,
  title = {RSQLite: SQLite interface for R},
  author = {David A. James and Seth Falcon and  the authors of SQLite},
  year = {2013},
  note = {R package version 0.11.4},
  url = {http://CRAN.R-project.org/package=RSQLite},
}
@Manual{DBI,
  title = {DBI: R Database Interface},
  author = {R Special Interest Group on Databases},
  year = {2013},
  note = {R package version 0.2-7},
  url = {http://CRAN.R-project.org/package=DBI},
}
@Manual{AnnotationDbi,
  title = {AnnotationDbi: Annotation Database Interface},
  author = {Herve Pages and Marc Carlson and Seth Falcon and Nianhua Li},
  note = {R package version 1.22.6},
}
@Article{Biobase,
  author = {Robert C Gentleman and Vincent J. Carey and Douglas M. Bates and {others}},
  title = {Bioconductor: Open software development for computational biology and bioinformatics},
  journal = {Genome Biology},
  volume = {5},
  year = {2004},
  pages = {R80},
  url = {http://genomebiology.com/2004/5/10/R80},
}
@Manual{BiocGenerics,
  title = {BiocGenerics: Generic functions for Bioconductor},
  author = {The Bioconductor Dev Team},
  note = {R package version 0.6.0},
}
@Article{goseq,
  title = {Gene ontology analysis for RNA-seq: accounting for selection bias},
  author = {Matthew D Young and Matthew J Wakefield and Gordon K Smyth and Alicia Oshlack},
  journal = {Genome Biology},
  volume = {11},
  pages = {R14},
  year = {2010},
}
@Manual{geneLenDataBase,
  title = {geneLenDataBase: Lengths of mRNA transcripts for a number of genomes},
  author = {Matthew Young},
  year = {2010},
  note = {R package version 0.99.11},
}
@Manual{BiasedUrn,
  title = {BiasedUrn: Biased Urn model distributions},
  author = {Agner Fog},
  year = {2013},
  note = {R package version 1.05},
  url = {http://CRAN.R-project.org/package=BiasedUrn},
}
@Manual{knitcitations,
  title = {knitcitations: Citations for knitr markdown files},
  author = {Carl Boettiger},
  year = {2013},
  note = {R package version 0.5-0},
  url = {https://github.com/cboettig/knitcitations},
}
@Manual{bibtex,
  title = {bibtex: bibtex parser},
  author = {Romain Francois},
  year = {2013},
  note = {R package version 0.3-6},
  url = {http://CRAN.R-project.org/package=bibtex},
}
@Manual{knitr1,
  title = {knitr: A general-purpose package for dynamic report generation in R},
  author = {Yihui Xie},
  year = {2013},
  note = {R package version 1.4},
  url = {http://yihui.name/knitr/},
}

@Book{knitr2,
  title = {Dynamic Documents with {R} and knitr},
  author = {Yihui Xie},
  publisher = {Chapman and Hall/CRC},
  year = {2013},
  note = {ISBN 978-1482203530},
  url = {http://yihui.name/knitr/},
}

@InCollection{knitr3,
  booktitle = {Implementing Reproducible Computational Research},
  editor = {Victoria Stodden and Friedrich Leisch and Roger D. Peng},
  title = {knitr: A Comprehensive Tool for Reproducible Research in {R}},
  author = {Yihui Xie},
  publisher = {Chapman and Hall/CRC},
  year = {2013},
  note = {ISBN 978-1466561595},
  url = {http://www.crcpress.com/product/isbn/9781466561595},
}
@Manual{base,
  title = {R: A Language and Environment for Statistical Computing},
  author = {{R Core Team}},
  organization = {R Foundation for Statistical Computing},
  address = {Vienna, Austria},
  year = {2013},
  url = {http://www.R-project.org/},
}
@Manual{KEGG.db,
  title = {KEGG.db: A set of annotation maps for KEGG},
  author = {Marc Carlson},
  note = {R package version 2.9.1},
}
@Manual{GO.db,
  title = {GO.db: A set of annotation maps describing the entire Gene Ontology},
  author = {Marc Carlson},
  note = {R package version 2.9.0},
}
@Manual{RSQLite,
  title = {RSQLite: SQLite interface for R},
  author = {David A. James and Seth Falcon and  the authors of SQLite},
  year = {2013},
  note = {R package version 0.11.4},
  url = {http://CRAN.R-project.org/package=RSQLite},
}
@Manual{DBI,
  title = {DBI: R Database Interface},
  author = {R Special Interest Group on Databases},
  year = {2013},
  note = {R package version 0.2-7},
  url = {http://CRAN.R-project.org/package=DBI},
}
@Manual{AnnotationDbi,
  title = {AnnotationDbi: Annotation Database Interface},
  author = {Herve Pages and Marc Carlson and Seth Falcon and Nianhua Li},
  note = {R package version 1.22.6},
}
@Article{Biobase,
  author = {Robert C Gentleman and Vincent J. Carey and Douglas M. Bates and {others}},
  title = {Bioconductor: Open software development for computational biology and bioinformatics},
  journal = {Genome Biology},
  volume = {5},
  year = {2004},
  pages = {R80},
  url = {http://genomebiology.com/2004/5/10/R80},
}
@Manual{BiocGenerics,
  title = {BiocGenerics: Generic functions for Bioconductor},
  author = {The Bioconductor Dev Team},
  note = {R package version 0.6.0},
}
@Article{goseq,
  title = {Gene ontology analysis for RNA-seq: accounting for selection bias},
  author = {Matthew D Young and Matthew J Wakefield and Gordon K Smyth and Alicia Oshlack},
  journal = {Genome Biology},
  volume = {11},
  pages = {R14},
  year = {2010},
}
@Manual{geneLenDataBase,
  title = {geneLenDataBase: Lengths of mRNA transcripts for a number of genomes},
  author = {Matthew Young},
  year = {2010},
  note = {R package version 0.99.11},
}
@Manual{BiasedUrn,
  title = {BiasedUrn: Biased Urn model distributions},
  author = {Agner Fog},
  year = {2013},
  note = {R package version 1.05},
  url = {http://CRAN.R-project.org/package=BiasedUrn},
}
@Manual{knitcitations,
  title = {knitcitations: Citations for knitr markdown files},
  author = {Carl Boettiger},
  year = {2013},
  note = {R package version 0.5-0},
  url = {https://github.com/cboettig/knitcitations},
}
@Manual{bibtex,
  title = {bibtex: bibtex parser},
  author = {Romain Francois},
  year = {2013},
  note = {R package version 0.3-6},
  url = {http://CRAN.R-project.org/package=bibtex},
}
@Manual{knitr1,
  title = {knitr: A general-purpose package for dynamic report generation in R},
  author = {Yihui Xie},
  year = {2013},
  note = {R package version 1.4},
  url = {http://yihui.name/knitr/},
}

@Book{knitr2,
  title = {Dynamic Documents with {R} and knitr},
  author = {Yihui Xie},
  publisher = {Chapman and Hall/CRC},
  year = {2013},
  note = {ISBN 978-1482203530},
  url = {http://yihui.name/knitr/},
}

@InCollection{knitr3,
  booktitle = {Implementing Reproducible Computational Research},
  editor = {Victoria Stodden and Friedrich Leisch and Roger D. Peng},
  title = {knitr: A Comprehensive Tool for Reproducible Research in {R}},
  author = {Yihui Xie},
  publisher = {Chapman and Hall/CRC},
  year = {2013},
  note = {ISBN 978-1466561595},
  url = {http://www.crcpress.com/product/isbn/9781466561595},
}
@Manual{base,
  title = {R: A Language and Environment for Statistical Computing},
  author = {{R Core Team}},
  organization = {R Foundation for Statistical Computing},
  address = {Vienna, Austria},
  year = {2013},
  url = {http://www.R-project.org/},
}
@Manual{KEGG.db,
  title = {KEGG.db: A set of annotation maps for KEGG},
  author = {Marc Carlson},
  note = {R package version 2.9.1},
}
@Manual{GO.db,
  title = {GO.db: A set of annotation maps describing the entire Gene Ontology},
  author = {Marc Carlson},
  note = {R package version 2.9.0},
}
@Manual{RSQLite,
  title = {RSQLite: SQLite interface for R},
  author = {David A. James and Seth Falcon and  the authors of SQLite},
  year = {2013},
  note = {R package version 0.11.4},
  url = {http://CRAN.R-project.org/package=RSQLite},
}
@Manual{DBI,
  title = {DBI: R Database Interface},
  author = {R Special Interest Group on Databases},
  year = {2013},
  note = {R package version 0.2-7},
  url = {http://CRAN.R-project.org/package=DBI},
}
@Manual{AnnotationDbi,
  title = {AnnotationDbi: Annotation Database Interface},
  author = {Herve Pages and Marc Carlson and Seth Falcon and Nianhua Li},
  note = {R package version 1.22.6},
}
@Article{Biobase,
  author = {Robert C Gentleman and Vincent J. Carey and Douglas M. Bates and {others}},
  title = {Bioconductor: Open software development for computational biology and bioinformatics},
  journal = {Genome Biology},
  volume = {5},
  year = {2004},
  pages = {R80},
  url = {http://genomebiology.com/2004/5/10/R80},
}
@Manual{BiocGenerics,
  title = {BiocGenerics: Generic functions for Bioconductor},
  author = {The Bioconductor Dev Team},
  note = {R package version 0.6.0},
}
@Article{goseq,
  title = {Gene ontology analysis for RNA-seq: accounting for selection bias},
  author = {Matthew D Young and Matthew J Wakefield and Gordon K Smyth and Alicia Oshlack},
  journal = {Genome Biology},
  volume = {11},
  pages = {R14},
  year = {2010},
}
@Manual{geneLenDataBase,
  title = {geneLenDataBase: Lengths of mRNA transcripts for a number of genomes},
  author = {Matthew Young},
  year = {2010},
  note = {R package version 0.99.11},
}
@Manual{BiasedUrn,
  title = {BiasedUrn: Biased Urn model distributions},
  author = {Agner Fog},
  year = {2013},
  note = {R package version 1.05},
  url = {http://CRAN.R-project.org/package=BiasedUrn},
}
@Manual{knitcitations,
  title = {knitcitations: Citations for knitr markdown files},
  author = {Carl Boettiger},
  year = {2013},
  note = {R package version 0.5-0},
  url = {https://github.com/cboettig/knitcitations},
}
@Manual{bibtex,
  title = {bibtex: bibtex parser},
  author = {Romain Francois},
  year = {2013},
  note = {R package version 0.3-6},
  url = {http://CRAN.R-project.org/package=bibtex},
}
@Manual{knitr1,
  title = {knitr: A general-purpose package for dynamic report generation in R},
  author = {Yihui Xie},
  year = {2013},
  note = {R package version 1.4},
  url = {http://yihui.name/knitr/},
}

@Book{knitr2,
  title = {Dynamic Documents with {R} and knitr},
  author = {Yihui Xie},
  publisher = {Chapman and Hall/CRC},
  year = {2013},
  note = {ISBN 978-1482203530},
  url = {http://yihui.name/knitr/},
}

@InCollection{knitr3,
  booktitle = {Implementing Reproducible Computational Research},
  editor = {Victoria Stodden and Friedrich Leisch and Roger D. Peng},
  title = {knitr: A Comprehensive Tool for Reproducible Research in {R}},
  author = {Yihui Xie},
  publisher = {Chapman and Hall/CRC},
  year = {2013},
  note = {ISBN 978-1466561595},
  url = {http://www.crcpress.com/product/isbn/9781466561595},
}
@Manual{base,
  title = {R: A Language and Environment for Statistical Computing},
  author = {{R Core Team}},
  organization = {R Foundation for Statistical Computing},
  address = {Vienna, Austria},
  year = {2013},
  url = {http://www.R-project.org/},
}
@Manual{knitcitations,
  title = {knitcitations: Citations for knitr markdown files},
  author = {Carl Boettiger},
  year = {2013},
  note = {R package version 0.5-0},
  url = {https://github.com/cboettig/knitcitations},
}
@Manual{bibtex,
  title = {bibtex: bibtex parser},
  author = {Romain Francois},
  year = {2013},
  note = {R package version 0.3-6},
  url = {http://CRAN.R-project.org/package=bibtex},
}
@Article{DESeq,
  title = {Differential expression analysis for sequence count data},
  author = {Simon Anders and Wolfgang Huber},
  year = {2010},
  journal = {Genome Biology},
  volume = {11},
  pages = {R106},
  doi = {10.1186/gb-2010-11-10-r106},
  url = {http://genomebiology.com/2010/11/10/R106/},
}
@Book{lattice,
  title = {Lattice: Multivariate Data Visualization with R},
  author = {Deepayan Sarkar},
  publisher = {Springer},
  address = {New York},
  year = {2008},
  note = {ISBN 978-0-387-75968-5},
  url = {http://lmdvr.r-forge.r-project.org},
}
@Manual{locfit,
  title = {locfit: Local Regression, Likelihood and Density Estimation.},
  author = {Catherine Loader},
  year = {2013},
  note = {R package version 1.5-9.1},
  url = {http://CRAN.R-project.org/package=locfit},
}
@Article{Biobase,
  author = {Robert C Gentleman and Vincent J. Carey and Douglas M. Bates and {others}},
  title = {Bioconductor: Open software development for computational biology and bioinformatics},
  journal = {Genome Biology},
  volume = {5},
  year = {2004},
  pages = {R80},
  url = {http://genomebiology.com/2004/5/10/R80},
}
@Manual{BiocGenerics,
  title = {BiocGenerics: Generic functions for Bioconductor},
  author = {The Bioconductor Dev Team},
  note = {R package version 0.6.0},
}
@Manual{knitr1,
  title = {knitr: A general-purpose package for dynamic report generation in R},
  author = {Yihui Xie},
  year = {2013},
  note = {R package version 1.4},
  url = {http://yihui.name/knitr/},
}

@Book{knitr2,
  title = {Dynamic Documents with {R} and knitr},
  author = {Yihui Xie},
  publisher = {Chapman and Hall/CRC},
  year = {2013},
  note = {ISBN 978-1482203530},
  url = {http://yihui.name/knitr/},
}

@InCollection{knitr3,
  booktitle = {Implementing Reproducible Computational Research},
  editor = {Victoria Stodden and Friedrich Leisch and Roger D. Peng},
  title = {knitr: A Comprehensive Tool for Reproducible Research in {R}},
  author = {Yihui Xie},
  publisher = {Chapman and Hall/CRC},
  year = {2013},
  note = {ISBN 978-1466561595},
  url = {http://www.crcpress.com/product/isbn/9781466561595},
}
@Manual{base,
  title = {R: A Language and Environment for Statistical Computing},
  author = {{R Core Team}},
  organization = {R Foundation for Statistical Computing},
  address = {Vienna, Austria},
  year = {2013},
  url = {http://www.R-project.org/},
}
@Article{biomaRt1,
  title = {Mapping identifiers for the integration of genomic datasets with the R/Bioconductor package biomaRt},
  author = {Steffen Durinck and Paul T. Spellman and Ewan Birney and Wolfgang Huber},
  journal = {Nature Protocols},
  year = {2009},
  volume = {4},
  pages = {1184--1191},
}

@Article{biomaRt2,
  title = {BioMart and Bioconductor: a powerful link between biological databases and microarray data analysis},
  author = {Steffen Durinck and Yves Moreau and Arek Kasprzyk and Sean Davis and Bart {De Moor} and Alvis Brazma and Wolfgang Huber},
  journal = {Bioinformatics},
  year = {2005},
  volume = {21},
  pages = {3439--3440},
}
@Manual{xtable,
  title = {xtable: Export tables to LaTeX or HTML},
  author = {David B. Dahl},
  year = {2013},
  note = {R package version 1.7-1},
  url = {http://CRAN.R-project.org/package=xtable},
}
@Manual{knitcitations,
  title = {knitcitations: Citations for knitr markdown files},
  author = {Carl Boettiger},
  year = {2013},
  note = {R package version 0.5-0},
  url = {https://github.com/cboettig/knitcitations},
}
@Manual{bibtex,
  title = {bibtex: bibtex parser},
  author = {Romain Francois},
  year = {2013},
  note = {R package version 0.3-6},
  url = {http://CRAN.R-project.org/package=bibtex},
}
@Article{DESeq,
  title = {Differential expression analysis for sequence count data},
  author = {Simon Anders and Wolfgang Huber},
  year = {2010},
  journal = {Genome Biology},
  volume = {11},
  pages = {R106},
  doi = {10.1186/gb-2010-11-10-r106},
  url = {http://genomebiology.com/2010/11/10/R106/},
}
@Book{lattice,
  title = {Lattice: Multivariate Data Visualization with R},
  author = {Deepayan Sarkar},
  publisher = {Springer},
  address = {New York},
  year = {2008},
  note = {ISBN 978-0-387-75968-5},
  url = {http://lmdvr.r-forge.r-project.org},
}
@Manual{locfit,
  title = {locfit: Local Regression, Likelihood and Density Estimation.},
  author = {Catherine Loader},
  year = {2013},
  note = {R package version 1.5-9.1},
  url = {http://CRAN.R-project.org/package=locfit},
}
@Article{Biobase,
  author = {Robert C Gentleman and Vincent J. Carey and Douglas M. Bates and {others}},
  title = {Bioconductor: Open software development for computational biology and bioinformatics},
  journal = {Genome Biology},
  volume = {5},
  year = {2004},
  pages = {R80},
  url = {http://genomebiology.com/2004/5/10/R80},
}
@Manual{BiocGenerics,
  title = {BiocGenerics: Generic functions for Bioconductor},
  author = {The Bioconductor Dev Team},
  note = {R package version 0.6.0},
}
@Manual{knitr1,
  title = {knitr: A general-purpose package for dynamic report generation in R},
  author = {Yihui Xie},
  year = {2013},
  note = {R package version 1.4},
  url = {http://yihui.name/knitr/},
}

@Book{knitr2,
  title = {Dynamic Documents with {R} and knitr},
  author = {Yihui Xie},
  publisher = {Chapman and Hall/CRC},
  year = {2013},
  note = {ISBN 978-1482203530},
  url = {http://yihui.name/knitr/},
}

@InCollection{knitr3,
  booktitle = {Implementing Reproducible Computational Research},
  editor = {Victoria Stodden and Friedrich Leisch and Roger D. Peng},
  title = {knitr: A Comprehensive Tool for Reproducible Research in {R}},
  author = {Yihui Xie},
  publisher = {Chapman and Hall/CRC},
  year = {2013},
  note = {ISBN 978-1466561595},
  url = {http://www.crcpress.com/product/isbn/9781466561595},
}
@Manual{base,
  title = {R: A Language and Environment for Statistical Computing},
  author = {{R Core Team}},
  organization = {R Foundation for Statistical Computing},
  address = {Vienna, Austria},
  year = {2013},
  url = {http://www.R-project.org/},
}
@Manual{knitcitations,
  title = {knitcitations: Citations for knitr markdown files},
  author = {Carl Boettiger},
  year = {2013},
  note = {R package version 0.5-0},
  url = {https://github.com/cboettig/knitcitations},
}
@Manual{bibtex,
  title = {bibtex: bibtex parser},
  author = {Romain Francois},
  year = {2013},
  note = {R package version 0.3-6},
  url = {http://CRAN.R-project.org/package=bibtex},
}
@Article{DESeq,
  title = {Differential expression analysis for sequence count data},
  author = {Simon Anders and Wolfgang Huber},
  year = {2010},
  journal = {Genome Biology},
  volume = {11},
  pages = {R106},
  doi = {10.1186/gb-2010-11-10-r106},
  url = {http://genomebiology.com/2010/11/10/R106/},
}
@Book{lattice,
  title = {Lattice: Multivariate Data Visualization with R},
  author = {Deepayan Sarkar},
  publisher = {Springer},
  address = {New York},
  year = {2008},
  note = {ISBN 978-0-387-75968-5},
  url = {http://lmdvr.r-forge.r-project.org},
}
@Manual{locfit,
  title = {locfit: Local Regression, Likelihood and Density Estimation.},
  author = {Catherine Loader},
  year = {2013},
  note = {R package version 1.5-9.1},
  url = {http://CRAN.R-project.org/package=locfit},
}
@Article{Biobase,
  author = {Robert C Gentleman and Vincent J. Carey and Douglas M. Bates and {others}},
  title = {Bioconductor: Open software development for computational biology and bioinformatics},
  journal = {Genome Biology},
  volume = {5},
  year = {2004},
  pages = {R80},
  url = {http://genomebiology.com/2004/5/10/R80},
}
@Manual{BiocGenerics,
  title = {BiocGenerics: Generic functions for Bioconductor},
  author = {The Bioconductor Dev Team},
  note = {R package version 0.6.0},
}
@Manual{knitr1,
  title = {knitr: A general-purpose package for dynamic report generation in R},
  author = {Yihui Xie},
  year = {2013},
  note = {R package version 1.4},
  url = {http://yihui.name/knitr/},
}

@Book{knitr2,
  title = {Dynamic Documents with {R} and knitr},
  author = {Yihui Xie},
  publisher = {Chapman and Hall/CRC},
  year = {2013},
  note = {ISBN 978-1482203530},
  url = {http://yihui.name/knitr/},
}

@InCollection{knitr3,
  booktitle = {Implementing Reproducible Computational Research},
  editor = {Victoria Stodden and Friedrich Leisch and Roger D. Peng},
  title = {knitr: A Comprehensive Tool for Reproducible Research in {R}},
  author = {Yihui Xie},
  publisher = {Chapman and Hall/CRC},
  year = {2013},
  note = {ISBN 978-1466561595},
  url = {http://www.crcpress.com/product/isbn/9781466561595},
}
@Manual{base,
  title = {R: A Language and Environment for Statistical Computing},
  author = {{R Core Team}},
  organization = {R Foundation for Statistical Computing},
  address = {Vienna, Austria},
  year = {2013},
  url = {http://www.R-project.org/},
}
@Article{biomaRt1,
  title = {Mapping identifiers for the integration of genomic datasets with the R/Bioconductor package biomaRt},
  author = {Steffen Durinck and Paul T. Spellman and Ewan Birney and Wolfgang Huber},
  journal = {Nature Protocols},
  year = {2009},
  volume = {4},
  pages = {1184--1191},
}

@Article{biomaRt2,
  title = {BioMart and Bioconductor: a powerful link between biological databases and microarray data analysis},
  author = {Steffen Durinck and Yves Moreau and Arek Kasprzyk and Sean Davis and Bart {De Moor} and Alvis Brazma and Wolfgang Huber},
  journal = {Bioinformatics},
  year = {2005},
  volume = {21},
  pages = {3439--3440},
}
@Manual{xtable,
  title = {xtable: Export tables to LaTeX or HTML},
  author = {David B. Dahl},
  year = {2013},
  note = {R package version 1.7-1},
  url = {http://CRAN.R-project.org/package=xtable},
}
@Manual{knitcitations,
  title = {knitcitations: Citations for knitr markdown files},
  author = {Carl Boettiger},
  year = {2013},
  note = {R package version 0.5-0},
  url = {https://github.com/cboettig/knitcitations},
}
@Manual{bibtex,
  title = {bibtex: bibtex parser},
  author = {Romain Francois},
  year = {2013},
  note = {R package version 0.3-6},
  url = {http://CRAN.R-project.org/package=bibtex},
}
@Article{DESeq,
  title = {Differential expression analysis for sequence count data},
  author = {Simon Anders and Wolfgang Huber},
  year = {2010},
  journal = {Genome Biology},
  volume = {11},
  pages = {R106},
  doi = {10.1186/gb-2010-11-10-r106},
  url = {http://genomebiology.com/2010/11/10/R106/},
}
@Book{lattice,
  title = {Lattice: Multivariate Data Visualization with R},
  author = {Deepayan Sarkar},
  publisher = {Springer},
  address = {New York},
  year = {2008},
  note = {ISBN 978-0-387-75968-5},
  url = {http://lmdvr.r-forge.r-project.org},
}
@Manual{locfit,
  title = {locfit: Local Regression, Likelihood and Density Estimation.},
  author = {Catherine Loader},
  year = {2013},
  note = {R package version 1.5-9.1},
  url = {http://CRAN.R-project.org/package=locfit},
}
@Article{Biobase,
  author = {Robert C Gentleman and Vincent J. Carey and Douglas M. Bates and {others}},
  title = {Bioconductor: Open software development for computational biology and bioinformatics},
  journal = {Genome Biology},
  volume = {5},
  year = {2004},
  pages = {R80},
  url = {http://genomebiology.com/2004/5/10/R80},
}
@Manual{BiocGenerics,
  title = {BiocGenerics: Generic functions for Bioconductor},
  author = {The Bioconductor Dev Team},
  note = {R package version 0.6.0},
}
@Manual{knitr1,
  title = {knitr: A general-purpose package for dynamic report generation in R},
  author = {Yihui Xie},
  year = {2013},
  note = {R package version 1.4},
  url = {http://yihui.name/knitr/},
}

@Book{knitr2,
  title = {Dynamic Documents with {R} and knitr},
  author = {Yihui Xie},
  publisher = {Chapman and Hall/CRC},
  year = {2013},
  note = {ISBN 978-1482203530},
  url = {http://yihui.name/knitr/},
}

@InCollection{knitr3,
  booktitle = {Implementing Reproducible Computational Research},
  editor = {Victoria Stodden and Friedrich Leisch and Roger D. Peng},
  title = {knitr: A Comprehensive Tool for Reproducible Research in {R}},
  author = {Yihui Xie},
  publisher = {Chapman and Hall/CRC},
  year = {2013},
  note = {ISBN 978-1466561595},
  url = {http://www.crcpress.com/product/isbn/9781466561595},
}
@Manual{base,
  title = {R: A Language and Environment for Statistical Computing},
  author = {{R Core Team}},
  organization = {R Foundation for Statistical Computing},
  address = {Vienna, Austria},
  year = {2013},
  url = {http://www.R-project.org/},
}
@Manual{knitcitations,
  title = {knitcitations: Citations for knitr markdown files},
  author = {Carl Boettiger},
  year = {2013},
  note = {R package version 0.5-0},
  url = {https://github.com/cboettig/knitcitations},
}
@Manual{bibtex,
  title = {bibtex: bibtex parser},
  author = {Romain Francois},
  year = {2013},
  note = {R package version 0.3-6},
  url = {http://CRAN.R-project.org/package=bibtex},
}
@Manual{knitr1,
  title = {knitr: A general-purpose package for dynamic report generation in R},
  author = {Yihui Xie},
  year = {2013},
  note = {R package version 1.4},
  url = {http://yihui.name/knitr/},
}

@Book{knitr2,
  title = {Dynamic Documents with {R} and knitr},
  author = {Yihui Xie},
  publisher = {Chapman and Hall/CRC},
  year = {2013},
  note = {ISBN 978-1482203530},
  url = {http://yihui.name/knitr/},
}

@InCollection{knitr3,
  booktitle = {Implementing Reproducible Computational Research},
  editor = {Victoria Stodden and Friedrich Leisch and Roger D. Peng},
  title = {knitr: A Comprehensive Tool for Reproducible Research in {R}},
  author = {Yihui Xie},
  publisher = {Chapman and Hall/CRC},
  year = {2013},
  note = {ISBN 978-1466561595},
  url = {http://www.crcpress.com/product/isbn/9781466561595},
}
@Article{DESeq,
  title = {Differential expression analysis for sequence count data},
  author = {Simon Anders and Wolfgang Huber},
  year = {2010},
  journal = {Genome Biology},
  volume = {11},
  pages = {R106},
  doi = {10.1186/gb-2010-11-10-r106},
  url = {http://genomebiology.com/2010/11/10/R106/},
}
@Book{lattice,
  title = {Lattice: Multivariate Data Visualization with R},
  author = {Deepayan Sarkar},
  publisher = {Springer},
  address = {New York},
  year = {2008},
  note = {ISBN 978-0-387-75968-5},
  url = {http://lmdvr.r-forge.r-project.org},
}
@Manual{locfit,
  title = {locfit: Local Regression, Likelihood and Density Estimation.},
  author = {Catherine Loader},
  year = {2013},
  note = {R package version 1.5-9.1},
  url = {http://CRAN.R-project.org/package=locfit},
}
@Article{Biobase,
  author = {Robert C Gentleman and Vincent J. Carey and Douglas M. Bates and {others}},
  title = {Bioconductor: Open software development for computational biology and bioinformatics},
  journal = {Genome Biology},
  volume = {5},
  year = {2004},
  pages = {R80},
  url = {http://genomebiology.com/2004/5/10/R80},
}
@Manual{BiocGenerics,
  title = {BiocGenerics: Generic functions for Bioconductor},
  author = {The Bioconductor Dev Team},
  note = {R package version 0.6.0},
}
@Manual{base,
  title = {R: A Language and Environment for Statistical Computing},
  author = {{R Core Team}},
  organization = {R Foundation for Statistical Computing},
  address = {Vienna, Austria},
  year = {2013},
  url = {http://www.R-project.org/},
}
@Manual{knitcitations,
  title = {knitcitations: Citations for knitr markdown files},
  author = {Carl Boettiger},
  year = {2013},
  note = {R package version 0.5-0},
  url = {https://github.com/cboettig/knitcitations},
}
@Manual{bibtex,
  title = {bibtex: bibtex parser},
  author = {Romain Francois},
  year = {2013},
  note = {R package version 0.3-6},
  url = {http://CRAN.R-project.org/package=bibtex},
}
@Article{DESeq,
  title = {Differential expression analysis for sequence count data},
  author = {Simon Anders and Wolfgang Huber},
  year = {2010},
  journal = {Genome Biology},
  volume = {11},
  pages = {R106},
  doi = {10.1186/gb-2010-11-10-r106},
  url = {http://genomebiology.com/2010/11/10/R106/},
}
@Book{lattice,
  title = {Lattice: Multivariate Data Visualization with R},
  author = {Deepayan Sarkar},
  publisher = {Springer},
  address = {New York},
  year = {2008},
  note = {ISBN 978-0-387-75968-5},
  url = {http://lmdvr.r-forge.r-project.org},
}
@Manual{locfit,
  title = {locfit: Local Regression, Likelihood and Density Estimation.},
  author = {Catherine Loader},
  year = {2013},
  note = {R package version 1.5-9.1},
  url = {http://CRAN.R-project.org/package=locfit},
}
@Article{Biobase,
  author = {Robert C Gentleman and Vincent J. Carey and Douglas M. Bates and {others}},
  title = {Bioconductor: Open software development for computational biology and bioinformatics},
  journal = {Genome Biology},
  volume = {5},
  year = {2004},
  pages = {R80},
  url = {http://genomebiology.com/2004/5/10/R80},
}
@Manual{BiocGenerics,
  title = {BiocGenerics: Generic functions for Bioconductor},
  author = {The Bioconductor Dev Team},
  note = {R package version 0.6.0},
}
@Manual{knitr1,
  title = {knitr: A general-purpose package for dynamic report generation in R},
  author = {Yihui Xie},
  year = {2013},
  note = {R package version 1.4},
  url = {http://yihui.name/knitr/},
}

@Book{knitr2,
  title = {Dynamic Documents with {R} and knitr},
  author = {Yihui Xie},
  publisher = {Chapman and Hall/CRC},
  year = {2013},
  note = {ISBN 978-1482203530},
  url = {http://yihui.name/knitr/},
}

@InCollection{knitr3,
  booktitle = {Implementing Reproducible Computational Research},
  editor = {Victoria Stodden and Friedrich Leisch and Roger D. Peng},
  title = {knitr: A Comprehensive Tool for Reproducible Research in {R}},
  author = {Yihui Xie},
  publisher = {Chapman and Hall/CRC},
  year = {2013},
  note = {ISBN 978-1466561595},
  url = {http://www.crcpress.com/product/isbn/9781466561595},
}
@Manual{base,
  title = {R: A Language and Environment for Statistical Computing},
  author = {{R Core Team}},
  organization = {R Foundation for Statistical Computing},
  address = {Vienna, Austria},
  year = {2013},
  url = {http://www.R-project.org/},
}
@Article{biomaRt1,
  title = {Mapping identifiers for the integration of genomic datasets with the R/Bioconductor package biomaRt},
  author = {Steffen Durinck and Paul T. Spellman and Ewan Birney and Wolfgang Huber},
  journal = {Nature Protocols},
  year = {2009},
  volume = {4},
  pages = {1184--1191},
}

@Article{biomaRt2,
  title = {BioMart and Bioconductor: a powerful link between biological databases and microarray data analysis},
  author = {Steffen Durinck and Yves Moreau and Arek Kasprzyk and Sean Davis and Bart {De Moor} and Alvis Brazma and Wolfgang Huber},
  journal = {Bioinformatics},
  year = {2005},
  volume = {21},
  pages = {3439--3440},
}
@Manual{xtable,
  title = {xtable: Export tables to LaTeX or HTML},
  author = {David B. Dahl},
  year = {2013},
  note = {R package version 1.7-1},
  url = {http://CRAN.R-project.org/package=xtable},
}
@Manual{knitcitations,
  title = {knitcitations: Citations for knitr markdown files},
  author = {Carl Boettiger},
  year = {2013},
  note = {R package version 0.5-0},
  url = {https://github.com/cboettig/knitcitations},
}
@Manual{bibtex,
  title = {bibtex: bibtex parser},
  author = {Romain Francois},
  year = {2013},
  note = {R package version 0.3-6},
  url = {http://CRAN.R-project.org/package=bibtex},
}
@Article{DESeq,
  title = {Differential expression analysis for sequence count data},
  author = {Simon Anders and Wolfgang Huber},
  year = {2010},
  journal = {Genome Biology},
  volume = {11},
  pages = {R106},
  doi = {10.1186/gb-2010-11-10-r106},
  url = {http://genomebiology.com/2010/11/10/R106/},
}
@Book{lattice,
  title = {Lattice: Multivariate Data Visualization with R},
  author = {Deepayan Sarkar},
  publisher = {Springer},
  address = {New York},
  year = {2008},
  note = {ISBN 978-0-387-75968-5},
  url = {http://lmdvr.r-forge.r-project.org},
}
@Manual{locfit,
  title = {locfit: Local Regression, Likelihood and Density Estimation.},
  author = {Catherine Loader},
  year = {2013},
  note = {R package version 1.5-9.1},
  url = {http://CRAN.R-project.org/package=locfit},
}
@Article{Biobase,
  author = {Robert C Gentleman and Vincent J. Carey and Douglas M. Bates and {others}},
  title = {Bioconductor: Open software development for computational biology and bioinformatics},
  journal = {Genome Biology},
  volume = {5},
  year = {2004},
  pages = {R80},
  url = {http://genomebiology.com/2004/5/10/R80},
}
@Manual{BiocGenerics,
  title = {BiocGenerics: Generic functions for Bioconductor},
  author = {The Bioconductor Dev Team},
  note = {R package version 0.6.0},
}
@Manual{knitr1,
  title = {knitr: A general-purpose package for dynamic report generation in R},
  author = {Yihui Xie},
  year = {2013},
  note = {R package version 1.4},
  url = {http://yihui.name/knitr/},
}

@Book{knitr2,
  title = {Dynamic Documents with {R} and knitr},
  author = {Yihui Xie},
  publisher = {Chapman and Hall/CRC},
  year = {2013},
  note = {ISBN 978-1482203530},
  url = {http://yihui.name/knitr/},
}

@InCollection{knitr3,
  booktitle = {Implementing Reproducible Computational Research},
  editor = {Victoria Stodden and Friedrich Leisch and Roger D. Peng},
  title = {knitr: A Comprehensive Tool for Reproducible Research in {R}},
  author = {Yihui Xie},
  publisher = {Chapman and Hall/CRC},
  year = {2013},
  note = {ISBN 978-1466561595},
  url = {http://www.crcpress.com/product/isbn/9781466561595},
}
@Manual{base,
  title = {R: A Language and Environment for Statistical Computing},
  author = {{R Core Team}},
  organization = {R Foundation for Statistical Computing},
  address = {Vienna, Austria},
  year = {2013},
  url = {http://www.R-project.org/},
}
@Manual{knitcitations,
  title = {knitcitations: Citations for knitr markdown files},
  author = {Carl Boettiger},
  year = {2013},
  note = {R package version 0.5-0},
  url = {https://github.com/cboettig/knitcitations},
}
@Manual{bibtex,
  title = {bibtex: bibtex parser},
  author = {Romain Francois},
  year = {2013},
  note = {R package version 0.3-6},
  url = {http://CRAN.R-project.org/package=bibtex},
}
@Article{DESeq,
  title = {Differential expression analysis for sequence count data},
  author = {Simon Anders and Wolfgang Huber},
  year = {2010},
  journal = {Genome Biology},
  volume = {11},
  pages = {R106},
  doi = {10.1186/gb-2010-11-10-r106},
  url = {http://genomebiology.com/2010/11/10/R106/},
}
@Book{lattice,
  title = {Lattice: Multivariate Data Visualization with R},
  author = {Deepayan Sarkar},
  publisher = {Springer},
  address = {New York},
  year = {2008},
  note = {ISBN 978-0-387-75968-5},
  url = {http://lmdvr.r-forge.r-project.org},
}
@Manual{locfit,
  title = {locfit: Local Regression, Likelihood and Density Estimation.},
  author = {Catherine Loader},
  year = {2013},
  note = {R package version 1.5-9.1},
  url = {http://CRAN.R-project.org/package=locfit},
}
@Article{Biobase,
  author = {Robert C Gentleman and Vincent J. Carey and Douglas M. Bates and {others}},
  title = {Bioconductor: Open software development for computational biology and bioinformatics},
  journal = {Genome Biology},
  volume = {5},
  year = {2004},
  pages = {R80},
  url = {http://genomebiology.com/2004/5/10/R80},
}
@Manual{BiocGenerics,
  title = {BiocGenerics: Generic functions for Bioconductor},
  author = {The Bioconductor Dev Team},
  note = {R package version 0.6.0},
}
@Manual{knitr1,
  title = {knitr: A general-purpose package for dynamic report generation in R},
  author = {Yihui Xie},
  year = {2013},
  note = {R package version 1.4},
  url = {http://yihui.name/knitr/},
}

@Book{knitr2,
  title = {Dynamic Documents with {R} and knitr},
  author = {Yihui Xie},
  publisher = {Chapman and Hall/CRC},
  year = {2013},
  note = {ISBN 978-1482203530},
  url = {http://yihui.name/knitr/},
}

@InCollection{knitr3,
  booktitle = {Implementing Reproducible Computational Research},
  editor = {Victoria Stodden and Friedrich Leisch and Roger D. Peng},
  title = {knitr: A Comprehensive Tool for Reproducible Research in {R}},
  author = {Yihui Xie},
  publisher = {Chapman and Hall/CRC},
  year = {2013},
  note = {ISBN 978-1466561595},
  url = {http://www.crcpress.com/product/isbn/9781466561595},
}
@Manual{base,
  title = {R: A Language and Environment for Statistical Computing},
  author = {{R Core Team}},
  organization = {R Foundation for Statistical Computing},
  address = {Vienna, Austria},
  year = {2013},
  url = {http://www.R-project.org/},
}
@Article{biomaRt1,
  title = {Mapping identifiers for the integration of genomic datasets with the R/Bioconductor package biomaRt},
  author = {Steffen Durinck and Paul T. Spellman and Ewan Birney and Wolfgang Huber},
  journal = {Nature Protocols},
  year = {2009},
  volume = {4},
  pages = {1184--1191},
}

@Article{biomaRt2,
  title = {BioMart and Bioconductor: a powerful link between biological databases and microarray data analysis},
  author = {Steffen Durinck and Yves Moreau and Arek Kasprzyk and Sean Davis and Bart {De Moor} and Alvis Brazma and Wolfgang Huber},
  journal = {Bioinformatics},
  year = {2005},
  volume = {21},
  pages = {3439--3440},
}
@Manual{xtable,
  title = {xtable: Export tables to LaTeX or HTML},
  author = {David B. Dahl},
  year = {2013},
  note = {R package version 1.7-1},
  url = {http://CRAN.R-project.org/package=xtable},
}
@Manual{knitcitations,
  title = {knitcitations: Citations for knitr markdown files},
  author = {Carl Boettiger},
  year = {2013},
  note = {R package version 0.5-0},
  url = {https://github.com/cboettig/knitcitations},
}
@Manual{bibtex,
  title = {bibtex: bibtex parser},
  author = {Romain Francois},
  year = {2013},
  note = {R package version 0.3-6},
  url = {http://CRAN.R-project.org/package=bibtex},
}
@Article{DESeq,
  title = {Differential expression analysis for sequence count data},
  author = {Simon Anders and Wolfgang Huber},
  year = {2010},
  journal = {Genome Biology},
  volume = {11},
  pages = {R106},
  doi = {10.1186/gb-2010-11-10-r106},
  url = {http://genomebiology.com/2010/11/10/R106/},
}
@Book{lattice,
  title = {Lattice: Multivariate Data Visualization with R},
  author = {Deepayan Sarkar},
  publisher = {Springer},
  address = {New York},
  year = {2008},
  note = {ISBN 978-0-387-75968-5},
  url = {http://lmdvr.r-forge.r-project.org},
}
@Manual{locfit,
  title = {locfit: Local Regression, Likelihood and Density Estimation.},
  author = {Catherine Loader},
  year = {2013},
  note = {R package version 1.5-9.1},
  url = {http://CRAN.R-project.org/package=locfit},
}
@Article{Biobase,
  author = {Robert C Gentleman and Vincent J. Carey and Douglas M. Bates and {others}},
  title = {Bioconductor: Open software development for computational biology and bioinformatics},
  journal = {Genome Biology},
  volume = {5},
  year = {2004},
  pages = {R80},
  url = {http://genomebiology.com/2004/5/10/R80},
}
@Manual{BiocGenerics,
  title = {BiocGenerics: Generic functions for Bioconductor},
  author = {The Bioconductor Dev Team},
  note = {R package version 0.6.0},
}
@Manual{knitr1,
  title = {knitr: A general-purpose package for dynamic report generation in R},
  author = {Yihui Xie},
  year = {2013},
  note = {R package version 1.4},
  url = {http://yihui.name/knitr/},
}

@Book{knitr2,
  title = {Dynamic Documents with {R} and knitr},
  author = {Yihui Xie},
  publisher = {Chapman and Hall/CRC},
  year = {2013},
  note = {ISBN 978-1482203530},
  url = {http://yihui.name/knitr/},
}

@InCollection{knitr3,
  booktitle = {Implementing Reproducible Computational Research},
  editor = {Victoria Stodden and Friedrich Leisch and Roger D. Peng},
  title = {knitr: A Comprehensive Tool for Reproducible Research in {R}},
  author = {Yihui Xie},
  publisher = {Chapman and Hall/CRC},
  year = {2013},
  note = {ISBN 978-1466561595},
  url = {http://www.crcpress.com/product/isbn/9781466561595},
}
@Manual{base,
  title = {R: A Language and Environment for Statistical Computing},
  author = {{R Core Team}},
  organization = {R Foundation for Statistical Computing},
  address = {Vienna, Austria},
  year = {2013},
  url = {http://www.R-project.org/},
}
@Manual{KEGG.db,
  title = {KEGG.db: A set of annotation maps for KEGG},
  author = {Marc Carlson},
  note = {R package version 2.9.1},
}
@Manual{GO.db,
  title = {GO.db: A set of annotation maps describing the entire Gene Ontology},
  author = {Marc Carlson},
  note = {R package version 2.9.0},
}
@Manual{RSQLite,
  title = {RSQLite: SQLite interface for R},
  author = {David A. James and Seth Falcon and  the authors of SQLite},
  year = {2013},
  note = {R package version 0.11.4},
  url = {http://CRAN.R-project.org/package=RSQLite},
}
@Manual{DBI,
  title = {DBI: R Database Interface},
  author = {R Special Interest Group on Databases},
  year = {2013},
  note = {R package version 0.2-7},
  url = {http://CRAN.R-project.org/package=DBI},
}
@Manual{AnnotationDbi,
  title = {AnnotationDbi: Annotation Database Interface},
  author = {Herve Pages and Marc Carlson and Seth Falcon and Nianhua Li},
  note = {R package version 1.22.6},
}
@Article{Biobase,
  author = {Robert C Gentleman and Vincent J. Carey and Douglas M. Bates and {others}},
  title = {Bioconductor: Open software development for computational biology and bioinformatics},
  journal = {Genome Biology},
  volume = {5},
  year = {2004},
  pages = {R80},
  url = {http://genomebiology.com/2004/5/10/R80},
}
@Manual{BiocGenerics,
  title = {BiocGenerics: Generic functions for Bioconductor},
  author = {The Bioconductor Dev Team},
  note = {R package version 0.6.0},
}
@Article{goseq,
  title = {Gene ontology analysis for RNA-seq: accounting for selection bias},
  author = {Matthew D Young and Matthew J Wakefield and Gordon K Smyth and Alicia Oshlack},
  journal = {Genome Biology},
  volume = {11},
  pages = {R14},
  year = {2010},
}
@Manual{geneLenDataBase,
  title = {geneLenDataBase: Lengths of mRNA transcripts for a number of genomes},
  author = {Matthew Young},
  year = {2010},
  note = {R package version 0.99.11},
}
@Manual{BiasedUrn,
  title = {BiasedUrn: Biased Urn model distributions},
  author = {Agner Fog},
  year = {2013},
  note = {R package version 1.05},
  url = {http://CRAN.R-project.org/package=BiasedUrn},
}
@Manual{knitcitations,
  title = {knitcitations: Citations for knitr markdown files},
  author = {Carl Boettiger},
  year = {2013},
  note = {R package version 0.5-0},
  url = {https://github.com/cboettig/knitcitations},
}
@Manual{bibtex,
  title = {bibtex: bibtex parser},
  author = {Romain Francois},
  year = {2013},
  note = {R package version 0.3-6},
  url = {http://CRAN.R-project.org/package=bibtex},
}
@Manual{knitr1,
  title = {knitr: A general-purpose package for dynamic report generation in R},
  author = {Yihui Xie},
  year = {2013},
  note = {R package version 1.4},
  url = {http://yihui.name/knitr/},
}

@Book{knitr2,
  title = {Dynamic Documents with {R} and knitr},
  author = {Yihui Xie},
  publisher = {Chapman and Hall/CRC},
  year = {2013},
  note = {ISBN 978-1482203530},
  url = {http://yihui.name/knitr/},
}

@InCollection{knitr3,
  booktitle = {Implementing Reproducible Computational Research},
  editor = {Victoria Stodden and Friedrich Leisch and Roger D. Peng},
  title = {knitr: A Comprehensive Tool for Reproducible Research in {R}},
  author = {Yihui Xie},
  publisher = {Chapman and Hall/CRC},
  year = {2013},
  note = {ISBN 978-1466561595},
  url = {http://www.crcpress.com/product/isbn/9781466561595},
}
@Manual{base,
  title = {R: A Language and Environment for Statistical Computing},
  author = {{R Core Team}},
  organization = {R Foundation for Statistical Computing},
  address = {Vienna, Austria},
  year = {2013},
  url = {http://www.R-project.org/},
}
@Manual{knitcitations,
  title = {knitcitations: Citations for knitr markdown files},
  author = {Carl Boettiger},
  year = {2013},
  note = {R package version 0.5-0},
  url = {https://github.com/cboettig/knitcitations},
}
@Manual{bibtex,
  title = {bibtex: bibtex parser},
  author = {Romain Francois},
  year = {2013},
  note = {R package version 0.3-6},
  url = {http://CRAN.R-project.org/package=bibtex},
}
@Article{DESeq,
  title = {Differential expression analysis for sequence count data},
  author = {Simon Anders and Wolfgang Huber},
  year = {2010},
  journal = {Genome Biology},
  volume = {11},
  pages = {R106},
  doi = {10.1186/gb-2010-11-10-r106},
  url = {http://genomebiology.com/2010/11/10/R106/},
}
@Book{lattice,
  title = {Lattice: Multivariate Data Visualization with R},
  author = {Deepayan Sarkar},
  publisher = {Springer},
  address = {New York},
  year = {2008},
  note = {ISBN 978-0-387-75968-5},
  url = {http://lmdvr.r-forge.r-project.org},
}
@Manual{locfit,
  title = {locfit: Local Regression, Likelihood and Density Estimation.},
  author = {Catherine Loader},
  year = {2013},
  note = {R package version 1.5-9.1},
  url = {http://CRAN.R-project.org/package=locfit},
}
@Article{Biobase,
  author = {Robert C Gentleman and Vincent J. Carey and Douglas M. Bates and {others}},
  title = {Bioconductor: Open software development for computational biology and bioinformatics},
  journal = {Genome Biology},
  volume = {5},
  year = {2004},
  pages = {R80},
  url = {http://genomebiology.com/2004/5/10/R80},
}
@Manual{BiocGenerics,
  title = {BiocGenerics: Generic functions for Bioconductor},
  author = {The Bioconductor Dev Team},
  note = {R package version 0.8.0},
}
@Manual{knitr1,
  title = {knitr: A general-purpose package for dynamic report generation in R},
  author = {Alastair Andrew and Alex Zvoleff and Brian Diggs and Cassio Pereira and Hadley Wickham and Heewon Jeon and Jeff Arnold and Jeremy Stephens and Jim Hester and Joe Cheng and Jonathan Keane and J.J. Allaire and Johan Toloe and Kohske Takahashi and Michel Kuhlmann and Nacho Caballero and Nick Salkowski and Noam Ross and Ramnath Vaidyanathan and Richard Cotton and Romain Francois and Sietse Brouwer and Simon de Bernard and Taiyun Wei and Thibaut Lamadon and Tom Torsney-Weir and Trevor Davis and Weicheng Zhu and Wush Wu and Yihui Xie},
  year = {2013},
  note = {R package version 1.5},
  url = {http://yihui.name/knitr/},
}

@Book{knitr2,
  title = {Dynamic Documents with {R} and knitr},
  author = {Yihui Xie},
  publisher = {Chapman and Hall/CRC},
  year = {2013},
  note = {ISBN 978-1482203530},
  url = {http://yihui.name/knitr/},
}

@InCollection{knitr3,
  booktitle = {Implementing Reproducible Computational Research},
  editor = {Victoria Stodden and Friedrich Leisch and Roger D. Peng},
  title = {knitr: A Comprehensive Tool for Reproducible Research in {R}},
  author = {Yihui Xie},
  publisher = {Chapman and Hall/CRC},
  year = {2013},
  note = {ISBN 978-1466561595},
  url = {http://www.crcpress.com/product/isbn/9781466561595},
}
@Manual{base,
  title = {R: A Language and Environment for Statistical Computing},
  author = {{R Core Team}},
  organization = {R Foundation for Statistical Computing},
  address = {Vienna, Austria},
  year = {2013},
  url = {http://www.R-project.org/},
}
@Article{biomaRt1,
  title = {Mapping identifiers for the integration of genomic datasets with the R/Bioconductor package biomaRt},
  author = {Steffen Durinck and Paul T. Spellman and Ewan Birney and Wolfgang Huber},
  journal = {Nature Protocols},
  year = {2009},
  volume = {4},
  pages = {1184--1191},
}

@Article{biomaRt2,
  title = {BioMart and Bioconductor: a powerful link between biological databases and microarray data analysis},
  author = {Steffen Durinck and Yves Moreau and Arek Kasprzyk and Sean Davis and Bart {De Moor} and Alvis Brazma and Wolfgang Huber},
  journal = {Bioinformatics},
  year = {2005},
  volume = {21},
  pages = {3439--3440},
}
@Manual{knitcitations,
  title = {knitcitations: Citations for knitr markdown files},
  author = {Carl Boettiger},
  year = {2013},
  note = {R package version 0.5-0},
  url = {https://github.com/cboettig/knitcitations},
}
@Manual{bibtex,
  title = {bibtex: bibtex parser},
  author = {Romain Francois},
  year = {2013},
  note = {R package version 0.3-6},
  url = {http://CRAN.R-project.org/package=bibtex},
}
@Article{DESeq,
  title = {Differential expression analysis for sequence count data},
  author = {Simon Anders and Wolfgang Huber},
  year = {2010},
  journal = {Genome Biology},
  volume = {11},
  pages = {R106},
  doi = {10.1186/gb-2010-11-10-r106},
  url = {http://genomebiology.com/2010/11/10/R106/},
}
@Book{lattice,
  title = {Lattice: Multivariate Data Visualization with R},
  author = {Deepayan Sarkar},
  publisher = {Springer},
  address = {New York},
  year = {2008},
  note = {ISBN 978-0-387-75968-5},
  url = {http://lmdvr.r-forge.r-project.org},
}
@Manual{locfit,
  title = {locfit: Local Regression, Likelihood and Density Estimation.},
  author = {Catherine Loader},
  year = {2013},
  note = {R package version 1.5-9.1},
  url = {http://CRAN.R-project.org/package=locfit},
}
@Article{Biobase,
  author = {Robert C Gentleman and Vincent J. Carey and Douglas M. Bates and {others}},
  title = {Bioconductor: Open software development for computational biology and bioinformatics},
  journal = {Genome Biology},
  volume = {5},
  year = {2004},
  pages = {R80},
  url = {http://genomebiology.com/2004/5/10/R80},
}
@Manual{BiocGenerics,
  title = {BiocGenerics: Generic functions for Bioconductor},
  author = {The Bioconductor Dev Team},
  note = {R package version 0.8.0},
}
@Manual{knitr1,
  title = {knitr: A general-purpose package for dynamic report generation in R},
  author = {Alastair Andrew and Alex Zvoleff and Brian Diggs and Cassio Pereira and Hadley Wickham and Heewon Jeon and Jeff Arnold and Jeremy Stephens and Jim Hester and Joe Cheng and Jonathan Keane and J.J. Allaire and Johan Toloe and Kohske Takahashi and Michel Kuhlmann and Nacho Caballero and Nick Salkowski and Noam Ross and Ramnath Vaidyanathan and Richard Cotton and Romain Francois and Sietse Brouwer and Simon de Bernard and Taiyun Wei and Thibaut Lamadon and Tom Torsney-Weir and Trevor Davis and Weicheng Zhu and Wush Wu and Yihui Xie},
  year = {2013},
  note = {R package version 1.5},
  url = {http://yihui.name/knitr/},
}

@Book{knitr2,
  title = {Dynamic Documents with {R} and knitr},
  author = {Yihui Xie},
  publisher = {Chapman and Hall/CRC},
  year = {2013},
  note = {ISBN 978-1482203530},
  url = {http://yihui.name/knitr/},
}

@InCollection{knitr3,
  booktitle = {Implementing Reproducible Computational Research},
  editor = {Victoria Stodden and Friedrich Leisch and Roger D. Peng},
  title = {knitr: A Comprehensive Tool for Reproducible Research in {R}},
  author = {Yihui Xie},
  publisher = {Chapman and Hall/CRC},
  year = {2013},
  note = {ISBN 978-1466561595},
  url = {http://www.crcpress.com/product/isbn/9781466561595},
}
@Manual{base,
  title = {R: A Language and Environment for Statistical Computing},
  author = {{R Core Team}},
  organization = {R Foundation for Statistical Computing},
  address = {Vienna, Austria},
  year = {2013},
  url = {http://www.R-project.org/},
}
@Manual{knitcitations,
  title = {knitcitations: Citations for knitr markdown files},
  author = {Carl Boettiger},
  year = {2013},
  note = {R package version 0.5-0},
  url = {https://github.com/cboettig/knitcitations},
}
@Manual{bibtex,
  title = {bibtex: bibtex parser},
  author = {Romain Francois},
  year = {2013},
  note = {R package version 0.3-6},
  url = {http://CRAN.R-project.org/package=bibtex},
}
@Manual{knitr1,
  title = {knitr: A general-purpose package for dynamic report generation in R},
  author = {Alastair Andrew and Alex Zvoleff and Brian Diggs and Cassio Pereira and Hadley Wickham and Heewon Jeon and Jeff Arnold and Jeremy Stephens and Jim Hester and Joe Cheng and Jonathan Keane and J.J. Allaire and Johan Toloe and Kohske Takahashi and Michel Kuhlmann and Nacho Caballero and Nick Salkowski and Noam Ross and Ramnath Vaidyanathan and Richard Cotton and Romain Francois and Sietse Brouwer and Simon de Bernard and Taiyun Wei and Thibaut Lamadon and Tom Torsney-Weir and Trevor Davis and Weicheng Zhu and Wush Wu and Yihui Xie},
  year = {2013},
  note = {R package version 1.5},
  url = {http://yihui.name/knitr/},
}

@Book{knitr2,
  title = {Dynamic Documents with {R} and knitr},
  author = {Yihui Xie},
  publisher = {Chapman and Hall/CRC},
  year = {2013},
  note = {ISBN 978-1482203530},
  url = {http://yihui.name/knitr/},
}

@InCollection{knitr3,
  booktitle = {Implementing Reproducible Computational Research},
  editor = {Victoria Stodden and Friedrich Leisch and Roger D. Peng},
  title = {knitr: A Comprehensive Tool for Reproducible Research in {R}},
  author = {Yihui Xie},
  publisher = {Chapman and Hall/CRC},
  year = {2013},
  note = {ISBN 978-1466561595},
  url = {http://www.crcpress.com/product/isbn/9781466561595},
}
@Manual{base,
  title = {R: A Language and Environment for Statistical Computing},
  author = {{R Core Team}},
  organization = {R Foundation for Statistical Computing},
  address = {Vienna, Austria},
  year = {2013},
  url = {http://www.R-project.org/},
}
@Manual{knitcitations,
  title = {knitcitations: Citations for knitr markdown files},
  author = {Carl Boettiger},
  year = {2013},
  note = {R package version 0.5-0},
  url = {https://github.com/cboettig/knitcitations},
}
@Manual{bibtex,
  title = {bibtex: bibtex parser},
  author = {Romain Francois},
  year = {2013},
  note = {R package version 0.3-6},
  url = {http://CRAN.R-project.org/package=bibtex},
}
@Manual{knitr1,
  title = {knitr: A general-purpose package for dynamic report generation in R},
  author = {Alastair Andrew and Alex Zvoleff and Brian Diggs and Cassio Pereira and Hadley Wickham and Heewon Jeon and Jeff Arnold and Jeremy Stephens and Jim Hester and Joe Cheng and Jonathan Keane and J.J. Allaire and Johan Toloe and Kohske Takahashi and Michel Kuhlmann and Nacho Caballero and Nick Salkowski and Noam Ross and Ramnath Vaidyanathan and Richard Cotton and Romain Francois and Sietse Brouwer and Simon de Bernard and Taiyun Wei and Thibaut Lamadon and Tom Torsney-Weir and Trevor Davis and Weicheng Zhu and Wush Wu and Yihui Xie},
  year = {2013},
  note = {R package version 1.5},
  url = {http://yihui.name/knitr/},
}

@Book{knitr2,
  title = {Dynamic Documents with {R} and knitr},
  author = {Yihui Xie},
  publisher = {Chapman and Hall/CRC},
  year = {2013},
  note = {ISBN 978-1482203530},
  url = {http://yihui.name/knitr/},
}

@InCollection{knitr3,
  booktitle = {Implementing Reproducible Computational Research},
  editor = {Victoria Stodden and Friedrich Leisch and Roger D. Peng},
  title = {knitr: A Comprehensive Tool for Reproducible Research in {R}},
  author = {Yihui Xie},
  publisher = {Chapman and Hall/CRC},
  year = {2013},
  note = {ISBN 978-1466561595},
  url = {http://www.crcpress.com/product/isbn/9781466561595},
}
@Manual{base,
  title = {R: A Language and Environment for Statistical Computing},
  author = {{R Core Team}},
  organization = {R Foundation for Statistical Computing},
  address = {Vienna, Austria},
  year = {2013},
  url = {http://www.R-project.org/},
}
@Manual{KEGG.db,
  title = {KEGG.db: A set of annotation maps for KEGG},
  author = {Marc Carlson},
  note = {R package version 2.10.1},
}
@Manual{GO.db,
  title = {GO.db: A set of annotation maps describing the entire Gene Ontology},
  author = {Marc Carlson},
  note = {R package version 2.10.1},
}
@Manual{RSQLite,
  title = {RSQLite: SQLite interface for R},
  author = {David A. James and Seth Falcon and  the authors of SQLite},
  year = {2013},
  note = {R package version 0.11.4},
  url = {http://CRAN.R-project.org/package=RSQLite},
}
@Manual{DBI,
  title = {DBI: R Database Interface},
  author = {R Special Interest Group on Databases},
  year = {2013},
  note = {R package version 0.2-7},
  url = {http://CRAN.R-project.org/package=DBI},
}
@Manual{AnnotationDbi,
  title = {AnnotationDbi: Annotation Database Interface},
  author = {Herve Pages and Marc Carlson and Seth Falcon and Nianhua Li},
  note = {R package version 1.24.0},
}
@Article{Biobase,
  author = {Robert C Gentleman and Vincent J. Carey and Douglas M. Bates and {others}},
  title = {Bioconductor: Open software development for computational biology and bioinformatics},
  journal = {Genome Biology},
  volume = {5},
  year = {2004},
  pages = {R80},
  url = {http://genomebiology.com/2004/5/10/R80},
}
@Manual{BiocGenerics,
  title = {BiocGenerics: Generic functions for Bioconductor},
  author = {The Bioconductor Dev Team},
  note = {R package version 0.8.0},
}
@Article{goseq,
  title = {Gene ontology analysis for RNA-seq: accounting for selection bias},
  author = {Matthew D Young and Matthew J Wakefield and Gordon K Smyth and Alicia Oshlack},
  journal = {Genome Biology},
  volume = {11},
  pages = {R14},
  year = {2010},
}
@Manual{geneLenDataBase,
  title = {geneLenDataBase: Lengths of mRNA transcripts for a number of genomes},
  author = {Matthew Young},
  year = {2010},
  note = {R package version 0.99.12},
}
@Manual{BiasedUrn,
  title = {BiasedUrn: Biased Urn model distributions},
  author = {Agner Fog},
  year = {2013},
  note = {R package version 1.06},
  url = {http://CRAN.R-project.org/package=BiasedUrn},
}
@Manual{knitcitations,
  title = {knitcitations: Citations for knitr markdown files},
  author = {Carl Boettiger},
  year = {2013},
  note = {R package version 0.5-0},
  url = {https://github.com/cboettig/knitcitations},
}
@Manual{bibtex,
  title = {bibtex: bibtex parser},
  author = {Romain Francois},
  year = {2013},
  note = {R package version 0.3-6},
  url = {http://CRAN.R-project.org/package=bibtex},
}
@Manual{knitr1,
  title = {knitr: A general-purpose package for dynamic report generation in R},
  author = {Alastair Andrew and Alex Zvoleff and Brian Diggs and Cassio Pereira and Hadley Wickham and Heewon Jeon and Jeff Arnold and Jeremy Stephens and Jim Hester and Joe Cheng and Jonathan Keane and J.J. Allaire and Johan Toloe and Kohske Takahashi and Michel Kuhlmann and Nacho Caballero and Nick Salkowski and Noam Ross and Ramnath Vaidyanathan and Richard Cotton and Romain Francois and Sietse Brouwer and Simon de Bernard and Taiyun Wei and Thibaut Lamadon and Tom Torsney-Weir and Trevor Davis and Weicheng Zhu and Wush Wu and Yihui Xie},
  year = {2013},
  note = {R package version 1.5},
  url = {http://yihui.name/knitr/},
}

@Book{knitr2,
  title = {Dynamic Documents with {R} and knitr},
  author = {Yihui Xie},
  publisher = {Chapman and Hall/CRC},
  year = {2013},
  note = {ISBN 978-1482203530},
  url = {http://yihui.name/knitr/},
}

@InCollection{knitr3,
  booktitle = {Implementing Reproducible Computational Research},
  editor = {Victoria Stodden and Friedrich Leisch and Roger D. Peng},
  title = {knitr: A Comprehensive Tool for Reproducible Research in {R}},
  author = {Yihui Xie},
  publisher = {Chapman and Hall/CRC},
  year = {2013},
  note = {ISBN 978-1466561595},
  url = {http://www.crcpress.com/product/isbn/9781466561595},
}
@Manual{base,
  title = {R: A Language and Environment for Statistical Computing},
  author = {{R Core Team}},
  organization = {R Foundation for Statistical Computing},
  address = {Vienna, Austria},
  year = {2013},
  url = {http://www.R-project.org/},
}
@Manual{KEGG.db,
  title = {KEGG.db: A set of annotation maps for KEGG},
  author = {Marc Carlson},
  note = {R package version 2.10.1},
}
@Manual{GO.db,
  title = {GO.db: A set of annotation maps describing the entire Gene Ontology},
  author = {Marc Carlson},
  note = {R package version 2.10.1},
}
@Manual{RSQLite,
  title = {RSQLite: SQLite interface for R},
  author = {David A. James and Seth Falcon and  the authors of SQLite},
  year = {2013},
  note = {R package version 0.11.4},
  url = {http://CRAN.R-project.org/package=RSQLite},
}
@Manual{DBI,
  title = {DBI: R Database Interface},
  author = {R Special Interest Group on Databases},
  year = {2013},
  note = {R package version 0.2-7},
  url = {http://CRAN.R-project.org/package=DBI},
}
@Manual{AnnotationDbi,
  title = {AnnotationDbi: Annotation Database Interface},
  author = {Herve Pages and Marc Carlson and Seth Falcon and Nianhua Li},
  note = {R package version 1.24.0},
}
@Article{Biobase,
  author = {Robert C Gentleman and Vincent J. Carey and Douglas M. Bates and {others}},
  title = {Bioconductor: Open software development for computational biology and bioinformatics},
  journal = {Genome Biology},
  volume = {5},
  year = {2004},
  pages = {R80},
  url = {http://genomebiology.com/2004/5/10/R80},
}
@Manual{BiocGenerics,
  title = {BiocGenerics: Generic functions for Bioconductor},
  author = {The Bioconductor Dev Team},
  note = {R package version 0.8.0},
}
@Article{goseq,
  title = {Gene ontology analysis for RNA-seq: accounting for selection bias},
  author = {Matthew D Young and Matthew J Wakefield and Gordon K Smyth and Alicia Oshlack},
  journal = {Genome Biology},
  volume = {11},
  pages = {R14},
  year = {2010},
}
@Manual{geneLenDataBase,
  title = {geneLenDataBase: Lengths of mRNA transcripts for a number of genomes},
  author = {Matthew Young},
  year = {2010},
  note = {R package version 0.99.12},
}
@Manual{BiasedUrn,
  title = {BiasedUrn: Biased Urn model distributions},
  author = {Agner Fog},
  year = {2013},
  note = {R package version 1.06},
  url = {http://CRAN.R-project.org/package=BiasedUrn},
}
@Manual{knitcitations,
  title = {knitcitations: Citations for knitr markdown files},
  author = {Carl Boettiger},
  year = {2013},
  note = {R package version 0.5-0},
  url = {https://github.com/cboettig/knitcitations},
}
@Manual{bibtex,
  title = {bibtex: bibtex parser},
  author = {Romain Francois},
  year = {2013},
  note = {R package version 0.3-6},
  url = {http://CRAN.R-project.org/package=bibtex},
}
@Manual{knitr1,
  title = {knitr: A general-purpose package for dynamic report generation in R},
  author = {Alastair Andrew and Alex Zvoleff and Brian Diggs and Cassio Pereira and Hadley Wickham and Heewon Jeon and Jeff Arnold and Jeremy Stephens and Jim Hester and Joe Cheng and Jonathan Keane and J.J. Allaire and Johan Toloe and Kohske Takahashi and Michel Kuhlmann and Nacho Caballero and Nick Salkowski and Noam Ross and Ramnath Vaidyanathan and Richard Cotton and Romain Francois and Sietse Brouwer and Simon de Bernard and Taiyun Wei and Thibaut Lamadon and Tom Torsney-Weir and Trevor Davis and Weicheng Zhu and Wush Wu and Yihui Xie},
  year = {2013},
  note = {R package version 1.5},
  url = {http://yihui.name/knitr/},
}

@Book{knitr2,
  title = {Dynamic Documents with {R} and knitr},
  author = {Yihui Xie},
  publisher = {Chapman and Hall/CRC},
  year = {2013},
  note = {ISBN 978-1482203530},
  url = {http://yihui.name/knitr/},
}

@InCollection{knitr3,
  booktitle = {Implementing Reproducible Computational Research},
  editor = {Victoria Stodden and Friedrich Leisch and Roger D. Peng},
  title = {knitr: A Comprehensive Tool for Reproducible Research in {R}},
  author = {Yihui Xie},
  publisher = {Chapman and Hall/CRC},
  year = {2013},
  note = {ISBN 978-1466561595},
  url = {http://www.crcpress.com/product/isbn/9781466561595},
}
@Manual{base,
  title = {R: A Language and Environment for Statistical Computing},
  author = {{R Core Team}},
  organization = {R Foundation for Statistical Computing},
  address = {Vienna, Austria},
  year = {2013},
  url = {http://www.R-project.org/},
}
@Manual{knitcitations,
  title = {knitcitations: Citations for knitr markdown files},
  author = {Carl Boettiger},
  year = {2013},
  note = {R package version 0.5-0},
  url = {https://github.com/cboettig/knitcitations},
}
@Manual{bibtex,
  title = {bibtex: bibtex parser},
  author = {Romain Francois},
  year = {2013},
  note = {R package version 0.3-6},
  url = {http://CRAN.R-project.org/package=bibtex},
}
@Article{DESeq,
  title = {Differential expression analysis for sequence count data},
  author = {Simon Anders and Wolfgang Huber},
  year = {2010},
  journal = {Genome Biology},
  volume = {11},
  pages = {R106},
  doi = {10.1186/gb-2010-11-10-r106},
  url = {http://genomebiology.com/2010/11/10/R106/},
}
@Book{lattice,
  title = {Lattice: Multivariate Data Visualization with R},
  author = {Deepayan Sarkar},
  publisher = {Springer},
  address = {New York},
  year = {2008},
  note = {ISBN 978-0-387-75968-5},
  url = {http://lmdvr.r-forge.r-project.org},
}
@Manual{locfit,
  title = {locfit: Local Regression, Likelihood and Density Estimation.},
  author = {Catherine Loader},
  year = {2013},
  note = {R package version 1.5-9.1},
  url = {http://CRAN.R-project.org/package=locfit},
}
@Article{Biobase,
  author = {Robert C Gentleman and Vincent J. Carey and Douglas M. Bates and {others}},
  title = {Bioconductor: Open software development for computational biology and bioinformatics},
  journal = {Genome Biology},
  volume = {5},
  year = {2004},
  pages = {R80},
  url = {http://genomebiology.com/2004/5/10/R80},
}
@Manual{BiocGenerics,
  title = {BiocGenerics: Generic functions for Bioconductor},
  author = {The Bioconductor Dev Team},
  note = {R package version 0.8.0},
}
@Manual{knitr1,
  title = {knitr: A general-purpose package for dynamic report generation in R},
  author = {Alastair Andrew and Alex Zvoleff and Brian Diggs and Cassio Pereira and Hadley Wickham and Heewon Jeon and Jeff Arnold and Jeremy Stephens and Jim Hester and Joe Cheng and Jonathan Keane and J.J. Allaire and Johan Toloe and Kohske Takahashi and Michel Kuhlmann and Nacho Caballero and Nick Salkowski and Noam Ross and Ramnath Vaidyanathan and Richard Cotton and Romain Francois and Sietse Brouwer and Simon de Bernard and Taiyun Wei and Thibaut Lamadon and Tom Torsney-Weir and Trevor Davis and Weicheng Zhu and Wush Wu and Yihui Xie},
  year = {2013},
  note = {R package version 1.5},
  url = {http://yihui.name/knitr/},
}

@Book{knitr2,
  title = {Dynamic Documents with {R} and knitr},
  author = {Yihui Xie},
  publisher = {Chapman and Hall/CRC},
  year = {2013},
  note = {ISBN 978-1482203530},
  url = {http://yihui.name/knitr/},
}

@InCollection{knitr3,
  booktitle = {Implementing Reproducible Computational Research},
  editor = {Victoria Stodden and Friedrich Leisch and Roger D. Peng},
  title = {knitr: A Comprehensive Tool for Reproducible Research in {R}},
  author = {Yihui Xie},
  publisher = {Chapman and Hall/CRC},
  year = {2013},
  note = {ISBN 978-1466561595},
  url = {http://www.crcpress.com/product/isbn/9781466561595},
}
@Manual{base,
  title = {R: A Language and Environment for Statistical Computing},
  author = {{R Core Team}},
  organization = {R Foundation for Statistical Computing},
  address = {Vienna, Austria},
  year = {2013},
  url = {http://www.R-project.org/},
}
@Article{biomaRt1,
  title = {Mapping identifiers for the integration of genomic datasets with the R/Bioconductor package biomaRt},
  author = {Steffen Durinck and Paul T. Spellman and Ewan Birney and Wolfgang Huber},
  journal = {Nature Protocols},
  year = {2009},
  volume = {4},
  pages = {1184--1191},
}

@Article{biomaRt2,
  title = {BioMart and Bioconductor: a powerful link between biological databases and microarray data analysis},
  author = {Steffen Durinck and Yves Moreau and Arek Kasprzyk and Sean Davis and Bart {De Moor} and Alvis Brazma and Wolfgang Huber},
  journal = {Bioinformatics},
  year = {2005},
  volume = {21},
  pages = {3439--3440},
}
@Manual{knitcitations,
  title = {knitcitations: Citations for knitr markdown files},
  author = {Carl Boettiger},
  year = {2013},
  note = {R package version 0.5-0},
  url = {https://github.com/cboettig/knitcitations},
}
@Manual{bibtex,
  title = {bibtex: bibtex parser},
  author = {Romain Francois},
  year = {2013},
  note = {R package version 0.3-6},
  url = {http://CRAN.R-project.org/package=bibtex},
}
@Article{DESeq,
  title = {Differential expression analysis for sequence count data},
  author = {Simon Anders and Wolfgang Huber},
  year = {2010},
  journal = {Genome Biology},
  volume = {11},
  pages = {R106},
  doi = {10.1186/gb-2010-11-10-r106},
  url = {http://genomebiology.com/2010/11/10/R106/},
}
@Book{lattice,
  title = {Lattice: Multivariate Data Visualization with R},
  author = {Deepayan Sarkar},
  publisher = {Springer},
  address = {New York},
  year = {2008},
  note = {ISBN 978-0-387-75968-5},
  url = {http://lmdvr.r-forge.r-project.org},
}
@Manual{locfit,
  title = {locfit: Local Regression, Likelihood and Density Estimation.},
  author = {Catherine Loader},
  year = {2013},
  note = {R package version 1.5-9.1},
  url = {http://CRAN.R-project.org/package=locfit},
}
@Article{Biobase,
  author = {Robert C Gentleman and Vincent J. Carey and Douglas M. Bates and {others}},
  title = {Bioconductor: Open software development for computational biology and bioinformatics},
  journal = {Genome Biology},
  volume = {5},
  year = {2004},
  pages = {R80},
  url = {http://genomebiology.com/2004/5/10/R80},
}
@Manual{BiocGenerics,
  title = {BiocGenerics: Generic functions for Bioconductor},
  author = {The Bioconductor Dev Team},
  note = {R package version 0.8.0},
}
@Manual{knitr1,
  title = {knitr: A general-purpose package for dynamic report generation in R},
  author = {Alastair Andrew and Alex Zvoleff and Brian Diggs and Cassio Pereira and Hadley Wickham and Heewon Jeon and Jeff Arnold and Jeremy Stephens and Jim Hester and Joe Cheng and Jonathan Keane and J.J. Allaire and Johan Toloe and Kohske Takahashi and Michel Kuhlmann and Nacho Caballero and Nick Salkowski and Noam Ross and Ramnath Vaidyanathan and Richard Cotton and Romain Francois and Sietse Brouwer and Simon de Bernard and Taiyun Wei and Thibaut Lamadon and Tom Torsney-Weir and Trevor Davis and Weicheng Zhu and Wush Wu and Yihui Xie},
  year = {2013},
  note = {R package version 1.5},
  url = {http://yihui.name/knitr/},
}

@Book{knitr2,
  title = {Dynamic Documents with {R} and knitr},
  author = {Yihui Xie},
  publisher = {Chapman and Hall/CRC},
  year = {2013},
  note = {ISBN 978-1482203530},
  url = {http://yihui.name/knitr/},
}

@InCollection{knitr3,
  booktitle = {Implementing Reproducible Computational Research},
  editor = {Victoria Stodden and Friedrich Leisch and Roger D. Peng},
  title = {knitr: A Comprehensive Tool for Reproducible Research in {R}},
  author = {Yihui Xie},
  publisher = {Chapman and Hall/CRC},
  year = {2013},
  note = {ISBN 978-1466561595},
  url = {http://www.crcpress.com/product/isbn/9781466561595},
}
@Manual{base,
  title = {R: A Language and Environment for Statistical Computing},
  author = {{R Core Team}},
  organization = {R Foundation for Statistical Computing},
  address = {Vienna, Austria},
  year = {2013},
  url = {http://www.R-project.org/},
}
@Manual{knitcitations,
  title = {knitcitations: Citations for knitr markdown files},
  author = {Carl Boettiger},
  year = {2013},
  note = {R package version 0.5-0},
  url = {https://github.com/cboettig/knitcitations},
}
@Manual{bibtex,
  title = {bibtex: bibtex parser},
  author = {Romain Francois},
  year = {2013},
  note = {R package version 0.3-6},
  url = {http://CRAN.R-project.org/package=bibtex},
}
@Article{DESeq,
  title = {Differential expression analysis for sequence count data},
  author = {Simon Anders and Wolfgang Huber},
  year = {2010},
  journal = {Genome Biology},
  volume = {11},
  pages = {R106},
  doi = {10.1186/gb-2010-11-10-r106},
  url = {http://genomebiology.com/2010/11/10/R106/},
}
@Book{lattice,
  title = {Lattice: Multivariate Data Visualization with R},
  author = {Deepayan Sarkar},
  publisher = {Springer},
  address = {New York},
  year = {2008},
  note = {ISBN 978-0-387-75968-5},
  url = {http://lmdvr.r-forge.r-project.org},
}
@Manual{locfit,
  title = {locfit: Local Regression, Likelihood and Density Estimation.},
  author = {Catherine Loader},
  year = {2013},
  note = {R package version 1.5-9.1},
  url = {http://CRAN.R-project.org/package=locfit},
}
@Article{Biobase,
  author = {Robert C Gentleman and Vincent J. Carey and Douglas M. Bates and {others}},
  title = {Bioconductor: Open software development for computational biology and bioinformatics},
  journal = {Genome Biology},
  volume = {5},
  year = {2004},
  pages = {R80},
  url = {http://genomebiology.com/2004/5/10/R80},
}
@Manual{BiocGenerics,
  title = {BiocGenerics: Generic functions for Bioconductor},
  author = {The Bioconductor Dev Team},
  note = {R package version 0.8.0},
}
@Manual{knitr1,
  title = {knitr: A general-purpose package for dynamic report generation in R},
  author = {Alastair Andrew and Alex Zvoleff and Brian Diggs and Cassio Pereira and Hadley Wickham and Heewon Jeon and Jeff Arnold and Jeremy Stephens and Jim Hester and Joe Cheng and Jonathan Keane and J.J. Allaire and Johan Toloe and Kohske Takahashi and Michel Kuhlmann and Nacho Caballero and Nick Salkowski and Noam Ross and Ramnath Vaidyanathan and Richard Cotton and Romain Francois and Sietse Brouwer and Simon de Bernard and Taiyun Wei and Thibaut Lamadon and Tom Torsney-Weir and Trevor Davis and Weicheng Zhu and Wush Wu and Yihui Xie},
  year = {2013},
  note = {R package version 1.5},
  url = {http://yihui.name/knitr/},
}

@Book{knitr2,
  title = {Dynamic Documents with {R} and knitr},
  author = {Yihui Xie},
  publisher = {Chapman and Hall/CRC},
  year = {2013},
  note = {ISBN 978-1482203530},
  url = {http://yihui.name/knitr/},
}

@InCollection{knitr3,
  booktitle = {Implementing Reproducible Computational Research},
  editor = {Victoria Stodden and Friedrich Leisch and Roger D. Peng},
  title = {knitr: A Comprehensive Tool for Reproducible Research in {R}},
  author = {Yihui Xie},
  publisher = {Chapman and Hall/CRC},
  year = {2013},
  note = {ISBN 978-1466561595},
  url = {http://www.crcpress.com/product/isbn/9781466561595},
}
@Manual{base,
  title = {R: A Language and Environment for Statistical Computing},
  author = {{R Core Team}},
  organization = {R Foundation for Statistical Computing},
  address = {Vienna, Austria},
  year = {2013},
  url = {http://www.R-project.org/},
}
@Article{biomaRt1,
  title = {Mapping identifiers for the integration of genomic datasets with the R/Bioconductor package biomaRt},
  author = {Steffen Durinck and Paul T. Spellman and Ewan Birney and Wolfgang Huber},
  journal = {Nature Protocols},
  year = {2009},
  volume = {4},
  pages = {1184--1191},
}

@Article{biomaRt2,
  title = {BioMart and Bioconductor: a powerful link between biological databases and microarray data analysis},
  author = {Steffen Durinck and Yves Moreau and Arek Kasprzyk and Sean Davis and Bart {De Moor} and Alvis Brazma and Wolfgang Huber},
  journal = {Bioinformatics},
  year = {2005},
  volume = {21},
  pages = {3439--3440},
}
@Manual{knitcitations,
  title = {knitcitations: Citations for knitr markdown files},
  author = {Carl Boettiger},
  year = {2013},
  note = {R package version 0.5-0},
  url = {https://github.com/cboettig/knitcitations},
}
@Manual{bibtex,
  title = {bibtex: bibtex parser},
  author = {Romain Francois},
  year = {2013},
  note = {R package version 0.3-6},
  url = {http://CRAN.R-project.org/package=bibtex},
}
@Article{DESeq,
  title = {Differential expression analysis for sequence count data},
  author = {Simon Anders and Wolfgang Huber},
  year = {2010},
  journal = {Genome Biology},
  volume = {11},
  pages = {R106},
  doi = {10.1186/gb-2010-11-10-r106},
  url = {http://genomebiology.com/2010/11/10/R106/},
}
@Book{lattice,
  title = {Lattice: Multivariate Data Visualization with R},
  author = {Deepayan Sarkar},
  publisher = {Springer},
  address = {New York},
  year = {2008},
  note = {ISBN 978-0-387-75968-5},
  url = {http://lmdvr.r-forge.r-project.org},
}
@Manual{locfit,
  title = {locfit: Local Regression, Likelihood and Density Estimation.},
  author = {Catherine Loader},
  year = {2013},
  note = {R package version 1.5-9.1},
  url = {http://CRAN.R-project.org/package=locfit},
}
@Article{Biobase,
  author = {Robert C Gentleman and Vincent J. Carey and Douglas M. Bates and {others}},
  title = {Bioconductor: Open software development for computational biology and bioinformatics},
  journal = {Genome Biology},
  volume = {5},
  year = {2004},
  pages = {R80},
  url = {http://genomebiology.com/2004/5/10/R80},
}
@Manual{BiocGenerics,
  title = {BiocGenerics: Generic functions for Bioconductor},
  author = {The Bioconductor Dev Team},
  note = {R package version 0.8.0},
}
@Manual{knitr1,
  title = {knitr: A general-purpose package for dynamic report generation in R},
  author = {Alastair Andrew and Alex Zvoleff and Brian Diggs and Cassio Pereira and Hadley Wickham and Heewon Jeon and Jeff Arnold and Jeremy Stephens and Jim Hester and Joe Cheng and Jonathan Keane and J.J. Allaire and Johan Toloe and Kohske Takahashi and Michel Kuhlmann and Nacho Caballero and Nick Salkowski and Noam Ross and Ramnath Vaidyanathan and Richard Cotton and Romain Francois and Sietse Brouwer and Simon de Bernard and Taiyun Wei and Thibaut Lamadon and Tom Torsney-Weir and Trevor Davis and Weicheng Zhu and Wush Wu and Yihui Xie},
  year = {2013},
  note = {R package version 1.5},
  url = {http://yihui.name/knitr/},
}

@Book{knitr2,
  title = {Dynamic Documents with {R} and knitr},
  author = {Yihui Xie},
  publisher = {Chapman and Hall/CRC},
  year = {2013},
  note = {ISBN 978-1482203530},
  url = {http://yihui.name/knitr/},
}

@InCollection{knitr3,
  booktitle = {Implementing Reproducible Computational Research},
  editor = {Victoria Stodden and Friedrich Leisch and Roger D. Peng},
  title = {knitr: A Comprehensive Tool for Reproducible Research in {R}},
  author = {Yihui Xie},
  publisher = {Chapman and Hall/CRC},
  year = {2013},
  note = {ISBN 978-1466561595},
  url = {http://www.crcpress.com/product/isbn/9781466561595},
}
@Manual{base,
  title = {R: A Language and Environment for Statistical Computing},
  author = {{R Core Team}},
  organization = {R Foundation for Statistical Computing},
  address = {Vienna, Austria},
  year = {2013},
  url = {http://www.R-project.org/},
}
@Manual{KEGG.db,
  title = {KEGG.db: A set of annotation maps for KEGG},
  author = {Marc Carlson},
  note = {R package version 2.10.1},
}
@Manual{GO.db,
  title = {GO.db: A set of annotation maps describing the entire Gene Ontology},
  author = {Marc Carlson},
  note = {R package version 2.10.1},
}
@Manual{RSQLite,
  title = {RSQLite: SQLite interface for R},
  author = {David A. James and Seth Falcon and  the authors of SQLite},
  year = {2013},
  note = {R package version 0.11.4},
  url = {http://CRAN.R-project.org/package=RSQLite},
}
@Manual{DBI,
  title = {DBI: R Database Interface},
  author = {R Special Interest Group on Databases},
  year = {2013},
  note = {R package version 0.2-7},
  url = {http://CRAN.R-project.org/package=DBI},
}
@Manual{AnnotationDbi,
  title = {AnnotationDbi: Annotation Database Interface},
  author = {Herve Pages and Marc Carlson and Seth Falcon and Nianhua Li},
  note = {R package version 1.24.0},
}
@Article{Biobase,
  author = {Robert C Gentleman and Vincent J. Carey and Douglas M. Bates and {others}},
  title = {Bioconductor: Open software development for computational biology and bioinformatics},
  journal = {Genome Biology},
  volume = {5},
  year = {2004},
  pages = {R80},
  url = {http://genomebiology.com/2004/5/10/R80},
}
@Manual{BiocGenerics,
  title = {BiocGenerics: Generic functions for Bioconductor},
  author = {The Bioconductor Dev Team},
  note = {R package version 0.8.0},
}
@Article{goseq,
  title = {Gene ontology analysis for RNA-seq: accounting for selection bias},
  author = {Matthew D Young and Matthew J Wakefield and Gordon K Smyth and Alicia Oshlack},
  journal = {Genome Biology},
  volume = {11},
  pages = {R14},
  year = {2010},
}
@Manual{geneLenDataBase,
  title = {geneLenDataBase: Lengths of mRNA transcripts for a number of genomes},
  author = {Matthew Young},
  year = {2010},
  note = {R package version 0.99.12},
}
@Manual{BiasedUrn,
  title = {BiasedUrn: Biased Urn model distributions},
  author = {Agner Fog},
  year = {2013},
  note = {R package version 1.06},
  url = {http://CRAN.R-project.org/package=BiasedUrn},
}
@Manual{knitcitations,
  title = {knitcitations: Citations for knitr markdown files},
  author = {Carl Boettiger},
  year = {2013},
  note = {R package version 0.5-0},
  url = {https://github.com/cboettig/knitcitations},
}
@Manual{bibtex,
  title = {bibtex: bibtex parser},
  author = {Romain Francois},
  year = {2013},
  note = {R package version 0.3-6},
  url = {http://CRAN.R-project.org/package=bibtex},
}
@Manual{knitr1,
  title = {knitr: A general-purpose package for dynamic report generation in R},
  author = {Alastair Andrew and Alex Zvoleff and Brian Diggs and Cassio Pereira and Hadley Wickham and Heewon Jeon and Jeff Arnold and Jeremy Stephens and Jim Hester and Joe Cheng and Jonathan Keane and J.J. Allaire and Johan Toloe and Kohske Takahashi and Michel Kuhlmann and Nacho Caballero and Nick Salkowski and Noam Ross and Ramnath Vaidyanathan and Richard Cotton and Romain Francois and Sietse Brouwer and Simon de Bernard and Taiyun Wei and Thibaut Lamadon and Tom Torsney-Weir and Trevor Davis and Weicheng Zhu and Wush Wu and Yihui Xie},
  year = {2013},
  note = {R package version 1.5},
  url = {http://yihui.name/knitr/},
}

@Book{knitr2,
  title = {Dynamic Documents with {R} and knitr},
  author = {Yihui Xie},
  publisher = {Chapman and Hall/CRC},
  year = {2013},
  note = {ISBN 978-1482203530},
  url = {http://yihui.name/knitr/},
}

@InCollection{knitr3,
  booktitle = {Implementing Reproducible Computational Research},
  editor = {Victoria Stodden and Friedrich Leisch and Roger D. Peng},
  title = {knitr: A Comprehensive Tool for Reproducible Research in {R}},
  author = {Yihui Xie},
  publisher = {Chapman and Hall/CRC},
  year = {2013},
  note = {ISBN 978-1466561595},
  url = {http://www.crcpress.com/product/isbn/9781466561595},
}
@Manual{base,
  title = {R: A Language and Environment for Statistical Computing},
  author = {{R Core Team}},
  organization = {R Foundation for Statistical Computing},
  address = {Vienna, Austria},
  year = {2013},
  url = {http://www.R-project.org/},
}
@Manual{KEGG.db,
  title = {KEGG.db: A set of annotation maps for KEGG},
  author = {Marc Carlson},
  note = {R package version 2.10.1},
}
@Manual{GO.db,
  title = {GO.db: A set of annotation maps describing the entire Gene Ontology},
  author = {Marc Carlson},
  note = {R package version 2.10.1},
}
@Manual{RSQLite,
  title = {RSQLite: SQLite interface for R},
  author = {David A. James and Seth Falcon and  the authors of SQLite},
  year = {2013},
  note = {R package version 0.11.4},
  url = {http://CRAN.R-project.org/package=RSQLite},
}
@Manual{DBI,
  title = {DBI: R Database Interface},
  author = {R Special Interest Group on Databases},
  year = {2013},
  note = {R package version 0.2-7},
  url = {http://CRAN.R-project.org/package=DBI},
}
@Manual{AnnotationDbi,
  title = {AnnotationDbi: Annotation Database Interface},
  author = {Herve Pages and Marc Carlson and Seth Falcon and Nianhua Li},
  note = {R package version 1.24.0},
}
@Article{Biobase,
  author = {Robert C Gentleman and Vincent J. Carey and Douglas M. Bates and {others}},
  title = {Bioconductor: Open software development for computational biology and bioinformatics},
  journal = {Genome Biology},
  volume = {5},
  year = {2004},
  pages = {R80},
  url = {http://genomebiology.com/2004/5/10/R80},
}
@Manual{BiocGenerics,
  title = {BiocGenerics: Generic functions for Bioconductor},
  author = {The Bioconductor Dev Team},
  note = {R package version 0.8.0},
}
@Article{goseq,
  title = {Gene ontology analysis for RNA-seq: accounting for selection bias},
  author = {Matthew D Young and Matthew J Wakefield and Gordon K Smyth and Alicia Oshlack},
  journal = {Genome Biology},
  volume = {11},
  pages = {R14},
  year = {2010},
}
@Manual{geneLenDataBase,
  title = {geneLenDataBase: Lengths of mRNA transcripts for a number of genomes},
  author = {Matthew Young},
  year = {2010},
  note = {R package version 0.99.12},
}
@Manual{BiasedUrn,
  title = {BiasedUrn: Biased Urn model distributions},
  author = {Agner Fog},
  year = {2013},
  note = {R package version 1.06},
  url = {http://CRAN.R-project.org/package=BiasedUrn},
}
@Manual{knitcitations,
  title = {knitcitations: Citations for knitr markdown files},
  author = {Carl Boettiger},
  year = {2013},
  note = {R package version 0.5-0},
  url = {https://github.com/cboettig/knitcitations},
}
@Manual{bibtex,
  title = {bibtex: bibtex parser},
  author = {Romain Francois},
  year = {2013},
  note = {R package version 0.3-6},
  url = {http://CRAN.R-project.org/package=bibtex},
}
@Manual{knitr1,
  title = {knitr: A general-purpose package for dynamic report generation in R},
  author = {Alastair Andrew and Alex Zvoleff and Brian Diggs and Cassio Pereira and Hadley Wickham and Heewon Jeon and Jeff Arnold and Jeremy Stephens and Jim Hester and Joe Cheng and Jonathan Keane and J.J. Allaire and Johan Toloe and Kohske Takahashi and Michel Kuhlmann and Nacho Caballero and Nick Salkowski and Noam Ross and Ramnath Vaidyanathan and Richard Cotton and Romain Francois and Sietse Brouwer and Simon de Bernard and Taiyun Wei and Thibaut Lamadon and Tom Torsney-Weir and Trevor Davis and Weicheng Zhu and Wush Wu and Yihui Xie},
  year = {2013},
  note = {R package version 1.5},
  url = {http://yihui.name/knitr/},
}

@Book{knitr2,
  title = {Dynamic Documents with {R} and knitr},
  author = {Yihui Xie},
  publisher = {Chapman and Hall/CRC},
  year = {2013},
  note = {ISBN 978-1482203530},
  url = {http://yihui.name/knitr/},
}

@InCollection{knitr3,
  booktitle = {Implementing Reproducible Computational Research},
  editor = {Victoria Stodden and Friedrich Leisch and Roger D. Peng},
  title = {knitr: A Comprehensive Tool for Reproducible Research in {R}},
  author = {Yihui Xie},
  publisher = {Chapman and Hall/CRC},
  year = {2013},
  note = {ISBN 978-1466561595},
  url = {http://www.crcpress.com/product/isbn/9781466561595},
}
