@Article{Nair_2016,
  doi = {10.4103/0976-0105.177703},
  url = {https://doi.org/10.4103/0976-0105.177703},
  year = {2016},
  publisher = {Medknow},
  volume = {7},
  number = {2},
  pages = {27},
  author = {AnroopB Nair and Shery Jacob},
  title = {A simple practice guide for dose conversion between animals and human},
  journal = {Journal of Basic and Clinical Pharmacy},
}
